4075 5275
53 1105 57 1114 “
183 1094 395 1172 conveniant,
428 1092 575 1158 ,διηὲιῐιις
607 1086 654 1153 sua
687 1088 824 1154 omnibus

628 60 946 164 utmuctrtu'
977 63 1367 167 triumuirum:
1666 114 1747 203 523

218 196 351 292 portum
370 192 540 292 proposito,
560 209 596 255 ac
626 192 804 289 explicato,
836 190 983 287 universos
1024 212 1129 257 norum
1151 192 1368 259 charismatum
1390 193 1569 263 incrementa
1588 217 1623 264 et
1637 205 1810 290 animopre·
1840 167 1851 188 ε

184 312 218 354 ex
237 286 333 347 clero
354 280 406 342 subt
428 271 573 371 subsciio,
595 269 641 338 sed
677 294 796 370 ractpue
817 291 981 370 turmarum
1024 295 1084 340 cor.
1108 272 1215 357 Ampl.
1238 290 1313 336 tua.
1342 357 1347 370 Ι
1558 363 1576 380 ..

152 356 636 518 'inimicissimus
655 376 804 501 ,iiiiii
824 354 985 520 iiiiii?
1105 358 1177 420 ⁰⁴²·
1198 358 1294 417 '‘m“
1315 353 1360 416 ‘¹¹'
1384 377 1411 420 ¹·
1432 357 1574 425 ΝΜ
1600 383 1688 446 ¹⁷¹⁰‘

188 526 317 592 excitent
338 521 374 585 ad
395 520 496 585 eadem
516 518 669 583 Exercitia
698 516 800 583 saltem
829 515 917 582 semei
948 518 979 581 in
1224 515 1269 581 Ut
1292 518 1394 582 Frater

187 627 268 701 aptio
282 625 339 703 per
392 603 449 669 nda
469 602 499 665 in
520 599 656 667 domibus
686 595 900 680 Religiosotutn
927 598 979 695 So·
1437 676 1444 692 .
1705 686 1713 704 .
1748 686 1757 706 ο

155 769 160 775 „
189 703 306 782 ctetatrs
327 687 419 783 Jeu,
441 682 489 828 {eu
504 682 978 829 isiibyiii⁰tiiummcrinitii⁸²ii
1354 675 1500 752 Bandrnus
1519 681 1606 746 Card.
1627 686 1809 758 Pmeiatrcu,

184 789 235 916 iiii
253 765 402 934 liiigssiiiriii
412 786 517 912 binio
535 846 572 912 ab
587 810 668 931 ’ipsus
685 841 851 910 ordinariis
882 782 929 907 ati
949 807 980 906 ii
1138 911 1139 916 γ
1371 865 1376 872 ’
1557 842 1728 915 Pasiam,
1801 891 1802 894 ,

184 929 359 1014 designandi
376 963 391 1006 ,·
416 929 448 993 δι
477 928 662 1073 approbanda
684 966 694 988 0
724 924 769 990 Ut
799 942 896 990 autem
918 922 977 1020 alu:

184 1013 265 1078 etius
285 1014 322 1077 ad
342 1011 476 1079 eumdem
519 1005 682 1091 piritualetn
711 1003 846 1072 secessum
876 1007 979 1150 stupuit
1211 1099 1215 1112 ι
1453 1006 1493 1071 V.
1517 1007 1603 1073 Petra
1621 1009 1729 1074 Secret.

183 1171 358 1242 animarum
374 1174 542 1268 siccioribus
563 1211 584 1265 3·
603 1169 786 1236 Couseslariis
804 1213 829 1265 ,⁸
847 1105 978 1235 grisiis
1059 1168 1194 1265 Coueeffio
1216 1167 1400 1266 indulgentie
1415 1169 1558 1269 plenarie·
1577 1170 1722 1235 Fratribus
1751 1179 1807 1237 Re-

184 1258 265 1335 cis,
295 1257 501 1328 Beneficium,
533 1249 654 1334 alttsque
682 1250 914 1345 Sacerdotrbus,
944 1250 976 1313 bt
1016 1250 1126 1347 gislarus
1146 1250 1341 1330 Obseruantrae
1361 1257 1393 1348 5⁰.
1414 1255 1579 1348 Francrscru,
1615 1277 1648 1317 ar
1668 1256 1810 1333 Refirrma·

184 1339 339 1408 Clericis‚
369 1334 422 1415 qui
452 1352 503 1417 pet
532 1331 630 1427 decem
661 1332 727 1427 ,dies
756 1329 873 1423 singulis
893 1349 977 1393 annts
1017 1345 1055 1391 trs
1076 1333 1264 1427 cismontanae
1284 1334 1415 1395 Famtstae
1437 1338 1587 1402 Exercitus
1611 1336 1809 1419 spiritualibus

186 1419 287 1519 eudem
309 1413 459 1555 fixercc‘ptia
478 1430 640 1498 peregerint
660 1433 690 1474 ιιι
710 1407 978 1555 dssmglpffinprasp}
1013 1424 1065 1494 per
1086 1410 1225 1476 oslrduum
1245 1413 1431 1518 vacantibus.

181 1493 770 1660 iiie'reibieunipoiis’veiiisiiiireiiies,
805 1571 837 1636 δι
858 1536 977 1637 cotisesli
1124 1572 1395 1650 ALEXANDER
1415 1580 1525 1674 PAPA
1554 1585 1711 1651 V11.&c.

83 1677 87 1685 ’
177 1655 402 1723 Sacrosanilum
424 1652 610 1718 Eucharistiae
631 1653 850 1719 Sacramentum
880 1653 976 1739 sump-

175 1736 294 1814 serint,
315 1737 430 1819 quoties
451 1733 481 1796 id
502 1734 635 1831 egerint,
658 1734 818 1820 plenariam
840 1737 976 1802 omnium
1084 1737 1162 1814 Um,
1193 1738 1262 1802 sicut
1281 1740 1365 1806 nobis
1385 1764 1425 1808 nu
1463 1766 1476 1807 r
1505 1769 1539 1809 ex
1568 1743 1612 1811 'ni
1643 1749 1712 1814 fecit
1733 1748 1805 1813 dile·
1844 1819 1847 1826 ⁴

179 1818 301 1885 suorum
321 1835 507 1962 peccatorum
531 1817 762 1898 indulgentiam,
785 1818 817 1883 δι
837 1818 974 1886 remislto·
1103 1817 1164 1883 sius
1186 1819 1279 1883 Pilius
1301 1820 1430 1902 Michae
1456 1826 1544 1907 Ange
1557 1848 1589 1890 us
1618 1851 1636 1891 a
1666 1831 1809 1893 sambuca

184 1921 254 1968 nent
275 1898 318 1963 mi
331 1897 498 1964 ericorditet
519 1898 549 1961 in
572 1898 705 1964 Domino
725 1900 889 1983 elargitur.
921 1901 975 1966 Pa·
1016 1898 1137 1962 Ordinis
1173 1902 1312 1965 Fratrum
1344 1901 1498 1970 Minorem
1532 1907 1627 1969 sanni
1661 1908 1809 1973 francisci

185 1982 292 2048 rochos
311 1980 426 2064 insuper
444 2000 495 2064 pet
517 1979 595 2046 idem
615 1998 731 2068 tempus
751 1980 836 2048 semel
860 2000 976 2050 tantum
1018 1979 1156 2044 Minislet
1176 1982 1329 2047 Generalis
1351 1983 1381 2043 in
1402 1983 1542 2063 Capitulo
1573 1985 1710 2051 Generali
1740 1988 1811 2064 ejus-

185 2064 218 2125 in
240 2082 318 2126 anno
339 2062 497 2127 Exercitiis
517 2062 682 2137 hujusmodi
711 2082 847 2132 vacantes
875 2088 894 2130 a
914 2067 976 2134 rest·
1017 2061 1085 2127 dem
1105 2062 1225 2127 Ordinis
1246 2060 1399 2129 novissume
1420 2062 1522 2129 Toleti
1542 2062 1711 2143 celebrato,
1736 2070 1813 2136 inter

185 2143 285 2209 dentia
305 2143 427 2228 benigne
446 2142 599 2221 absolvit3
628 2145 718 2224 Quod
749 2145 842 2231 ipsum
871 2145 976 2214 servari
1017 2144 1076 2206 alia
1095 2143 1244 2210 decretum
1268 2143 1371 2223 suerit,
1394 2162 1427 2207 ut
1450 2143 1593 2224 secessus,
1624 2148 1656 2210 bt
1676 2147 1805 2232 spiritua,

184 2223 318 2311 precipit
336 2227 433 2308 quoad
456 2226 639 2305 Canonicos,
663 2227 867 2308 Beneficiatos,
890 2228 975 2296 alios-
1017 2225 1059 2289 lia
1077 2225 1335 2305 mortificationis,
1357 2227 1551 2292 &Orationis
1562 2227 1698 2293 mentalis
1722 2230 1806 2297 Erer-
1912 2271 1920 2282 s

185 2327 243 2451 pue
265 2306 407 2390 personali
437 2308 587 2376 residentia
615 2310 793 2389 obssriiios,
823 2313 855 2375 δι
882 2311 975 2378 Chori
1017 2307 1089 2372 ciria
1109 2308 1139 2369 in
1169 2307 1307 2372 omnibus
1337 2307 1500 2374 Provinciis
1522 2306 1719 2375 cismontanae
1754 2315 1802 2375 Fa·

97 2452 100 2456 ,
200 2386 308 2454 ervitio
329 2390 528 2475 mancipatos,
562 2413 636 2476 quos
655 2393 849 2460 nihilominus
869 2392 974 2459 lucrati
1017 2388 1107 2469 milia
1126 2389 1247 2455 Ordinis
1290 2389 1396 2453 reditu
1427 2388 1660 2467 reassumantut,
1692 2391 1724 2454 δι
1750 2390 1803 2454 illi

187 2468 316 2535 decernit
337 2470 466 2555 integros
485 2472 622 2550 leubus,
656 2473 893 2557 &quotidianas
913 2474 975 2540 suo-
1018 2472 1136 2536 Fratres
1155 2494 1254 2539 earum
1274 2493 1321 2535 eut
1344 2468 1563 2538 Provinciarum
1582 2471 1736 2554 aliquoties
1754 2472 1800 2537 rin

187 2571 254 2617 tum
277 2549 432 2648 respeciive
454 2555 688 2620 canonicatuum
702 2556 975 2634 ,&Beneftciorurn
1017 2551 1094 2638 gulis
1115 2554 1199 2618 annis
1220 2568 1345 2621 vacent.

187 2632 404 2699 distributiones
423 2634 636 2720 quascumque,
665 2638 783 2722 perinde
802 2661 836 2704 ac
858 2642 879 2703 st
899 2638 978 2704 Cho-
1062 2637 1092 2715 §.
1120 2658 1146 2700 1.
1169 2640 1236 2702 Nos
1264 2636 1315 2721 qui
1348 2623 1436 2719 probe
1466 2638 1603 2703 novimus
1632 2653 1804 2722 quantopere

187 2733 241 2791 ro,
263 2712 427 2799 divinisque
446 2716 562 2782 Officiis
581 2717 770 2801 personaliter
790 2720 976 2799 interessent,
1020 2717 1184 2784 conducant
1215 2714 1365 2783 Exercitia
1395 2715 1559 2788 huiusmodi
1590 2717 1746 2802 dirigendis
1770 2736 1801 2777 m

186 2796 348 2862 dummodo
377 2815 478 2866 tamen
507 2802 605 2866 eadem
635 2804 774 2867 exercitia
806 2823 977 2890 peragant,
1018 2800 1101 2865 viam
1123 2799 1265 2872 Domini,
1288 2793 1544 2862 &confirmandis
1566 2799 1595 2862 itt
1618 2800 1669 2863 iila
1689 2795 1798 2865 curili-

186 2878 309 2943 obtenta
329 2878 408 2962 prius
435 2882 472 2944 ab
500 2881 659 2947 Ordinatio
690 2884 836 2963 licentia,
868 2908 887 2950 a
916 2907 977 2968 quo
1017 2880 1146 2945 fidelium
1170 2876 1334 2954 mentibus,
1356 2876 1544 2943 devotionern
1576 2881 1713 2945 Fratmm
1743 2895 1800 2941 ute·
1929 2888 1933 2895 ‘

186 2959 351 3025 nullatenus
372 2962 552 3028 concedenda
572 2965 627 3030 etit
650 2965 823 3043 Adventus,
845 2968 876 3030 br
900 2968 978 3038 Qua·
1020 2959 1130 3021 morati
1150 2958 1290 3033 Ordinis,
1313 2958 1364 3040 qul
1386 2958 1419 3022 de
1442 2959 1558 3024 suorum
1572 2962 1744 3046 Superioruss
1766 2957 1803 3022 Ῑῖ·

185 3039 349 3135 dragesima
370 3057 531 3128 tempore,
567 3067 599 3110 ac
630 3045 660 3109 iu
681 3046 899 3113 solemnioribus
921 3045 976 3107 Fe·
1019 3039 1115 3103 centia
1133 3040 1215 3123 operi
1236 3040 1308 3104 adeo
1329 3038 1399 3121 pio,
1420 3040 1452 3105 bt
1472 3039 1589 3107 salutati
1620 3039 1799 3124 vacaverint,

184 3120 395 3199 slivrtatibus,
427 3147 480 3193 nec
502 3144 629 3207 unquam
651 3127 786 3187 omnibus
815 3120 897 3185 simul
919 3122 976 3186 Ca·
1017 3118 1177 3184 scelestium
1209 3119 1341 3187 Eccletie
1376 3120 1573 3189 thesauroruin
1610 3122 1803 3207 elargironenr

184 3201 318 3278 nonicis,
340 3202 460 3284 aliisque
480 3205 572 3267 Chori
605 3201 842 3280 inservientibus,
874 3201 975 3269 sedeo
1018 3223 1066 3264 ma
1088 3200 1111 3267 is
1131 3203 1256 3270 excitare
1277 3202 1425 3284 volentes,
1449 3206 1484 3270 de
1504 3199 1717 3292 omnipotens
1742 3196 1802 3263 Dei

185 3281 319 3344 adhibito
341 3285 462 3359 modo,
498 3305 534 3348 ne
565 3282 658 3346 ebori
689 3282 839 3348 servitium
868 3306 973 3365 nequa·
1016 3224 1244 3364 msericordias,
1275 3285 1307 3350 δι
1337 3286 1493 3352 Beatumrn
1515 3288 1626 3365 Petri,
1664 3291 1683 3352 8
1714 3279 1800 3347 Pauli

186 3377 278 3453 quarn
300 3358 534 3437 intermittatur,
554 3362 586 3423 or
604 3363 701 3505 proed
721 3364 890 3441 parochos,
913 3367 974 3429 ido·
1015 3366 1226 3448 Apostolorum
1248 3370 1308 3444 ejus
1327 3367 1500 3435 annositate
1513 3368 1630 3444 confisi,
1652 3362 1799 3439 mnibus,

595 3464 613 3505 a

185 3459 248 3504 ttets
300 3440 358 3506 rius
388 3441 582 3511 &cononis
664 3442 791 3528 ipsomet
817 3448 976 3515 Ordinatio
1017 3446 1048 3508 ἀ
1069 3445 1185 3528 ungulis
1204 3448 1329 3528 praediili
1350 3449 1472 3511 Ordinis
1494 3451 1645 3514 Fratribus
1657 3459 1718 3506 tam
1730 3443 1801 3508 Cle·

187 3541 261 3606 appr
301 3521 404 3602 andis,
434 3521 487 3606 qui
507 3523 671 3589 animatum
692 3546 794 3591 curam
823 3530 974 3594 laudabili·
1016 3526 1114 3601 ricis,
1145 3548 1235 3609 quam
1256 3525 1380 3603 laicis,
1414 3524 1461 3592 seu
1482 3528 1654 3602 Converfis,
1688 3522 1740 3607 qui
1771 3524 1802 3587 in

188 3620 234 3668 ter
263 3602 490 3670 administrent.
530 3607 657 3671 Mandat
695 3607 810 3707 insuper
836 3610 978 3675 Sansiitas
1020 3606 1165 3674 Domibus
1187 3606 1378 3691 Regularibus
1410 3607 1630 3675 Provinciarum
1650 3603 1801 3747 predi&-

186 3682 265 3763 sua,
295 3702 329 3750 ut
348 3686 393 3751 lte
413 3686 518 3751 litterae
547 3688 728 3771 publicentur
758 3713 788 3754 tn
823 3692 874 3755 isla
896 3692 977 3755 Dine·
1020 3711 1085 3754 rum
1106 3688 1141 3753 de
1161 3688 1278 3753 suorum
1298 3686 1485 3769 Superiorum
1507 3689 1618 3757 licenti:
1680 3685 1804 3752 xercitia

188 3767 269 3843 cesi,
305 3767 336 3832 δι
366 3769 395 3832 in
415 3769 602 3837 Cancellariae
623 3770 744 3853 registris
771 3793 825 3857 pro
857 3771 975 3857 perenni
1017 3769 1152 3855 praediiia
1179 3790 1232 3855 pet
1261 3766 1371 3834 osiidui
1405 3766 1531 3853 spatium
1567 3768 1801 3856 qnndocumqne

187 3869 311 3924 eornm,
331 3870 395 3933 qua
415 3850 446 3914 in
468 3850 528 3915 illis
548 3853 763 3932 continentur,
793 3850 976 3921 observantia
1018 3873 1085 3937 pere
1106 3850 1199 3929 erint,
1222 3852 1254 3915 bt
1275 3851 1384 3916 interea
1403 3854 1546 3936 temporis
1571 3871 1627 3920 vere
1655 3852 1803 3947 poeniten·

187 3928 410 4010 adscribantur,
442 3933 529 3997 &ad
550 3932 742 4032 huncipsum
771 3932 858 4000 finem
878 3935 975 4019 quoli-
1019 3952 1063 3999 res
1142 3929 1259 3997 consessu
1288 3933 1523 4000 SacroSanilutn
1554 3931 1731 4001 Erchansiia
1751 3932 1801 3993 Sa·
1832 3989 1837 4001 .

187 4010 238 4076 bet
259 4012 388 4079 triennio
409 4036 506 4080 earum
527 4014 688 4100 publicatio
709 4016 741 4079 in
769 4017 913 4102 posterum
934 4039 976 4082 re·
1018 4031 1200 4080 eramentum
1212 4013 1402 4099 sumpserint,
1424 4016 1539 4099 quoties
1559 4019 1577 4081 ir
1586 4014 1716 4097 egerint,
1739 4012 1801 4096 ple·

187 4111 334 4161 novetur.
1021 4097 1135 4162 nariam
1156 4096 1290 4160 omnium
1313 4095 1427 4162 suorum
1449 4117 1625 4180 peccartrurn
1654 4094 1803 4177 indulgen·

228 4174 300 4252 Quat
321 4178 424 4244 omnia
444 4180 487 4245 ita
507 4180 660 4265 diligenter
680 4180 717 4246 ab
740 4180 842 4266 Ampl.
856 4197 912 4248 tua
932 4181 978 4248 vi·
1020 4178 1116 4257 tiam,
1138 4178 1170 4242 δι
1190 4176 1385 4242 temislionent
1407 4176 1622 4247 misericoditet
1642 4177 1673 4239 in
1697 4174 1802 4239 Domi-

188 4254 242 4396 ᾗίΙί
250 4259 466 4399 dprovidentia,
489 4285 522 4328 ac
543 4262 676 4347 pastorali
698 4261 890 4330 sollicitudine
909 4285 979 4349 pra·
1021 4282 1061 4325 no
1082 4259 1285 4326 concedimus.
1308 4257 1494 4327 Praesentibus
1514 4261 1730 4345 inperpetuum
1751 4276 1802 4322 va·

212 4357 247 4399 an
268 4362 285 4401 a
306 4339 367 4410 sore
388 4343 510 4409 confidit
529 4344 725 4410 Sansiillimus
745 4346 866 4422 Pater,
897 4364 931 4410 ut
962 4368 981 4410 a
1020 4342 1136 4407 lituris.

192 4416 346 4486 Sansiitare
367 4422 416 4493 sua
436 4425 582 4504 laudent,
617 4426 761 4493 acoelessi
795 4446 866 4493 vero
886 4426 977 4493 bono·
1060 4424 1089 4503 §.
1115 4447 1142 4488 2.
1163 4423 1311 4490 Volumus
1330 4439 1455 4503 autem,
1478 4425 1563 4511 tqtod
1595 4423 1687 4507 supro
1709 4420 1799 4500 impe

193 4514 258 4558 rum
273 4522 397 4587 ,operum
418 4509 605 4575 Retributore
625 4510 772 4593 condigna
792 4508 910 4594 praemia
927 4531 977 4572 va·
1018 4505 1167 4583 tratione,
1188 4505 1428 4590 presentatione,
1450 4504 1641 4582 adnillmrre,
1673 4499 1720 4565 seu
1750 4520 1802 4581 pu

194 4574 252 4647 ¹⁹³¹
272 4588 427 4663 immersti
450 4613 461 4667 i
486 4592 531 4658 Et
555 4590 660 4679 Atnpl.
682 4608 738 4663 tue
768 4589 886 4677 copiosa
904 4589 979 4658 divi·
1022 4585 1178 4654 blicutione
1207 4587 1389 4675 preasentiunt
1420 4588 1527 4676 aliqud
1564 4586 1613 4652 vei
1644 4580 1804 4725 minidrneum
