4075 5275
485 92 1437 207 DAMNIFICAT10,DAMNUM.
1678 124 1681 128 ·
1720 137 1742 221 3

132 242 169 299 .4
188 213 235 280 Sic
255 233 308 281 nec
330 225 463 279 tenentur
494 214 532 276 ad
561 210 769 275 resarciendum
803 212 939 277 damnum
961 258 971 290 ,

186 298 238 380 qui
259 296 450 362 adhibuerunt
470 294 598 357 debitam
619 290 801 374 diligentiam
856 314 889 356 ro
918 295 971 358 illo

1015 216 1055 277 <9
1075 238 1143 277 uxor
1160 220 1240 291 viro,
1271 218 1340 299 quia
1361 237 1394 282 ut
1413 244 1441 282 n.
1456 239 1487 295 4
1511 218 1655 286 rationem
1686 221 1803 286 reddens

1013 294 1105 360 subdit
1127 297 1306 379 Apollolus:
1330 302 1435 362 Mulier
1448 301 1498 378 sui
1517 304 1630 383 corporis
1667 303 1802 380 neellamn

186 377 365 453 avertendo,
387 374 445 452 nli
461 375 542 457 culpa
562 396 592 452 9.
611 370 646 433 de
666 375 799 454 injuriis,
874 377 975 439 damno
1013 402 1065 440 non
1084 376 1186 453 habet,
1203 378 1257 456 sed
1275 383 1325 441 vir
1334 405 1348 453 ;
1364 380 1497 455 similiter
1516 399 1609 444 eutem
1691 389 1741 446 vir
1753 387 1802 464 sue'

186 460 270 536 date,
289 457 384 541 jandin
404 457 434 534 §·
446 478 476 532 4·
501 454 541 517 (Ψ
563 474 589 532 ς.
612 453 730 531 institut.
741 456 775 516 de
789 459 863 538 Lege
884 462 972 538 Aqui·

133 563 167 628 t5
190 543 247 618 lie,
269 561 337 605 cum
359 532 617 603 concordantibus.
638 535 686 598 Sic
701 557 759 599 non
783 539 974 601 tenentur-ad

189 623 327 686 damnum
359 614 594 688 resarciendum,
629 615 681 696 qui
712 615 783 680 illud
812 615 973 683 caudarunt

190 704 297 769 utendo
318 705 380 778 jure
411 693 488 766 s⁰⁰3
516 698 538 756 l·
558 715 583 756 t.
605 695 634 772 §·
656 697 775 778 denique
803 700 970 776 Marcello,

183 786 222 864 ffi
245 786 280 846 de
298 805 373 863 aqua
387 776 513 861 pluviali
531 775 643 840 ascend.
664 779 685 840 l.
709 780 828 856 Nullus,
857 782 893 843 de
916 787 969 843 tte-

132 869 168 931 16
188 868 250 1010 pus.
268 866 370 947 juris.
401 857 589 951 Vidensupra
619 882 696 921 num.
712 883 741 938 9.
762 859 808 926 Sic
840 861 869 923 in
886 861 972 924 trullo

201 967 254 1010 oro
276 956 386 1009 tenetm
405 938 511 1020 aliquis
532 937 662 1004 resarcire
692 942 859 1017 damnum,
892 941 971 1022 quod

1014 461 1130 601 corporis
1142 460 1301 540 potestatem
1322 460 1502 539 nonhabet,
1528 463 1582 542 sed
1611 466 1737 528 mulier.
1760 464 1801 527 Et
1824 488 1843 528 a

1013 561 1053 635 vo
1065 561 1115 605 eos
1137 540 1295 636 apotolus
1312 543 1483 616 ostendere,
1513 545 1590 626 quod
1612 544 1670 608 haec
1690 544 1800 627 obliga·

1012 639 1059 715 ¹¹⁹
1080 620 1800 769 ‘arunteveneuntn:

1013 724 1046 843 ii¹
1059 726 1243 878 begarionim
1265 747 1393 881 appellat
1415 727 1554 850 fraudeni'
1568 808 1578 849 t
1592 730 1704 850 'Nolite
1718 789 1799 866 frav-

1012 863 1253 1007 disimilis
1275 865 1725 1018 s'sicvarriiiiiniwssirbiiiii
1738 884 1802 1012 ’stirs

189 1023 256 1090 casu
274 1020 393 1087 omnino
414 1018 554 1113 fortuito,
575 1020 628 1115 qui
649 1022 826 1104 prevident,
859 1023 889 1085 de
910 1023 970 1085 evi·
1004 1028 1113 1107 psum,
1143 1048 1177 1087 ne
1197 1043 1280 1087 tentet
1301 1052 1351 1089 vor
1369 1033 1489 1092 Satanas
1501 1027 1612 1111 propter
1633 1035 1800 1094 incontinen-

187 1106 245 1171 rati
266 1124 323 1166 noo
351 1115 478 1184 potuit,
509 1118 637 1182 contrgtt
657 1125 673 1176 ς,
697 1121 756 1186 cap.
778 1109 852 1166 Cum
869 1108 971 1248 pratia
1010 1109 1082 1169 tiam
1112 1107 1229 1181 vestram
1256 1149 1264 1168 .
1296 1108 1375 1169 Hinc
1408 1109 1480 1174 redte
1508 1109 1633 1175 inserunt
1663 1111 1803 1175 Doslores

189 1188 259 1248 unic.
280 1177 521 1258 de‘eommodato,
545 1181 584 1245 (3·
605 1183 627 1245 s.
647 1207 673 1248 ι.
695 1186 724 1262 §.
739 1206 769 1263 4.
792 1188 827 1250 de

189 1265 227 1329 θ
246 1263 348 1329 adiice.

854 1210 869 1246 o
887 1186 971 1269 ligat.

349 1423 515 1492 Additloner
532 1448 566 1493 ex
585 1425 677 1491 aliena
706 1451 808 1496 muru.

127 1610 165 1671 17
194 1665 198 1672 Ι
225 1590 271 1657 De
292 1585 433 1664 Damno,
456 1611 492 1653 an
513 1588 596 1654 rebus
617 1591 697 1655 licite
728 1591 823 1657 inferri
843 1591 971 1675 quaudo·

183 1693 240 1756 que
302 1669 367 1748 ssrt,
390 1669 471 1736 utilis
492 1673 530 1735 est
551 1672 753 1755 invelligatio.
776 1677 806 1735 Ο
828 1675 900 1738 time
920 1698 968 1738 ve·

183 1774 216 1816 to
238 1755 260 1817 il
274 1745 393 1818 ullravit
416 1749 472 1815 hoc
506 1774 538 1815 ar
807 1694 828 1818 i(

128 1835 166 1896 18
186 1829 242 1898 dic.
265 1834 373 1914 diffirt.
395 1853 461 1896 rom.
475 1851 501 1911 5.
543 1837 625 1915 ispvt.
640 1856 667 1910 ς.
682 1853 735 1917 per
755 1852 803 1899 tot.
824 1836 902 1901 Odlo
922 1859 971 1899 au·

184 1932 245 1981 tem
268 1913 333 1979 suot
354 1914 438 1988 hujus
458 1910 662 1996 disputationis
683 1916 782 2000 capita
803 1935 897 1981 totam
911 1940 971 1980 ma-

185 1996 290 2061 teriam
312 1991 543 2059 exhaurientia.
579 1990 710 2060 Primum
734 1996 777 2060 ita
798 2016 972 2084 conceptum

185 2080 251 2141 eli:
284 2078 431 2141 Generalia
450 2078 561 2139 Damni
580 2076 657 2140 liciti
676 2076 806 2142 exhibens
828 2126 837 2142 .
868 2082 971 2144 Secun-

185 2156 253 2222 dum
279 2183 287 2222 :
315 2157 361 2222 De
379 2158 494 2221 Damno
512 2157 590 2222 rebvs
608 2160 708 2222 alienis
735 2161 812 2225 licite
841 2164 920 2225 illato
939 2166 971 2226 in

184 2241 347 2306 extruendo.
369 2235 506 2303 Tertium
533 2263 540 2302 t
573 2242 617 2300 De
636 2243 747 2304 Damno
775 2241 852 2306 rebus
872 2245 971 2308 alienis

185 2318 262 2383 licite
282 2322 360 2384 illato
380 2315 594 2395 indesinentia.
615 2321 780 2395 Quartum:
805 2330 851 2386 De
862 2330 973 2388 Damno

186 2399 267 2462 rebus¹
285 2401 383 2462 alienis
412 2399 490 2459 licite
518 2400 597 2460 illato
616 2404 647 2462 in
677 2405 848 2479 auferendo.
879 2407 972 2478 Quin·

186 2499 251 2544 tum
274 2503 283 2542 t
315 2483 358 2540 De
380 2482 490 2541 Damno
509 2477 587 2541 rebus
606 2479 832 2558 alienissimo,
863 2484 973 2546 interci-

177 2563 300 2643 piendo,
325 2559 365 2621 ζ’)
385 2556 551 2620 avertendo.
574 2561 712 2622 Sextum:
736 2565 780 2623 De
801 2566 910 2628 Damno
934 2587 973 2624 re·

112 2674 114 2683 ¹
184 2636 235 2703 bus
247 2642 345 2702 alienis
356 2638 434 2700 licite
446 2636 545 2713 illato,
565 2638 760 2705 contradendo.
783 2645 945 2727 Septimum
960 2665 970 2708 t

183 2720 229 2785 De
248 2724 358 2784 Damno
377 2716 460 2782 rebus
476 2719 575 2783 alienis
593 2722 670 2784 licite
689 2724 788 2867 iltuto,
817 2730 970 2790 immitten-

184 2803 238 2866 do.
267 2802 447 2887 Odiavutp:
482 2802 526 2864 De
545 2804 656 2867 Damno
675 2826 702 2866 re
721 2830 754 2869 us
781 2808 879 2870 alienis
898 2809 973 2868 licite

184 2884 284 2962 illato,
306 2885 479 2947 amittendo.

194 3048 972 3073 *ψει-*ψ*

807 3084 811 3099 t

226 3156 433 3231 DEBITOR,
458 3156 686 3221 DElllTUM.
716 3158 792 3222 Vide
814 3157 893 3223 verb.
918 3164 972 3220 Re-

179 3237 305 3317 stitutio.
328 3239 451 3301 Salutio.
473 3284 480 3301 .

802 3410 965 3431 ..ι-

267 3506 520 3575 DEBITUM
548 3512 893 3585 CONJUGAL'E.

200 3674 388 3717 *aa

368 3774 794 3851 Anttcutu'sl.

264 3940 399 4086 Quandod
411 3943 538 4012 debitum
559 3946 722 4092 (Joniupde
742 3946 847 4032 possut,
870 3948 901 4011 tr

401 4024 479 4090 ebeat
499 4023 596 4109 reddi,
619 4051 656 4097 ve
699 4028 780 4094 nonl

151 4202 164 4248 t
189 4180 354 4331 Coniux
375 4200 493 4282 tenetur
513 4186 561 4285 sub
583 4184 700 4258 mortali
712 4191 825 4258 reddere
843 4186 972 4256 debitunt

188 4346 226 4413 do
246 4289 390 4414 nppprpfit
414 4286 526 4352 petenti
549 4270 638 4348 satio,
659 4274 691 4338 ἃ
710 4274 862 4349 instanter,
882 4295 973 4357 quatt-

188 4426 249 4505 sla‚
269 4426 308 4505 a
321 4424 502 4497 rationabilis
514 4478 522 4495 .
534 4430 593 4513 ,12ss
601 4439 812 4519 communiffima
824 4464 836 4511 ,·
860 4434 901 4501 Et
923 4436 974 4511 hav

180 4508 270 4579 'betur
292 4508 413 4597 expresse
435 4538 469 4579 ex
491 4514 637 4599 Apollolo
653 4538 677 4579 r.
700 4520 740 4580 ad
759 4517 883 4583 Corinth.
906 4545 931 4583 c.
943 4539 973 4597 7.

383 4353 419 4413 ud
440 4349 599 4434 denegandi
628 4348 784 4419 intervenit
814 4350 903 4419 caussa
932 4358 974 4428 iu·

1013 1187 1229 1262 communiter,
1250 1186 1328 1280 quod
1349 1192 1454 1261 conjux
1477 1191 1576 1262 injulle
1597 1213 1704 1274 negans
1723 1190 1801 1256 debi-

1012 1286 1077 1331 tum
1100 1266 1185 1332 alteri
1206 1267 1321 1349 conrugi
1345 1266 1435 1344 serio,
1456 1270 1487 1332 δι
1508 1269 1644 1335 instanter
1672 1273 1799 1356 petenti,

1013 1367 1115 1433 peccat
1137 1346 1300 1412 mortaliter
1320 1348 1407 1415 toties
1426 1350 1564 1430 quoties.
1594 1352 1681 1416 Unde
1700 1368 1800 1436 peccat
1821 1376 1839 1436 3

1012 1450 1115 1495 contra
1134 1430 1271 1504 justitiam
1293 1452 1327 1494 ex
1368 1452 1449 1495 enere
1471 1429 1520 1494 suo
1550 1432 1713 1497 mortaliter
1734 1456 1800 1498 con·

1012 1515 1063 1586 jux
1083 1510 1149 1587 ille,
1171 1510 1222 1593 qui
1242 1511 1278 1574 ad
1299 1453 1470 1576 reddendum
1500 1510 1631 1576 debitum
1662 1514 1754 1578 reddit
1774 1513 1806 1578 se

1012 1591 1182 1657 notabiliter
1202 1593 1396 1674 impotentem
1427 1592 1625 1657 immoderatis
1653 1595 1801 1670 jejuniis,

1011 1675 1141 1754 vigiliis,
1163 1673 1329 1749 laboribus,
1363 1675 1393 1737 dt
1415 1672 1604 1749 hujusmodi,
1626 1694 1677 1738 aut
1698 1675 1801 1740 volun·

560 1772 709 1839 umentum
741 1754 808 1838 Stry
832 1755 875 1819 ius
888 1760 967 1836 Juri·
1010 1757 1092 1819 rariis
1120 1754 1362 1839 pollutionibus,
1394 1772 1426 1819 ut
1456 1755 1652 1821 communiter
1682 1755 1801 1820 tradunt

1014 1837 1181 1911 Doctores,
1214 1838 1245 1900 ἃ
1280 1835 1420 1931 fignanter
1439 1837 1566 1933 Sanchea
1594 1837 1615 1898 l.
1630 1860 1660 1914 9.
1681 1835 1756 1920 disp.
1770 1859 1799 1916 3.

1012 1917 1748 2081 lt?tsssstlltllntt95¹1:lint.
1768 1918 1802 2059 ἓ.

1013 2105 1044 2156 4.
1066 2078 1129 2158 difl.
1148 2102 1197 2161 33.
1228 2104 1257 2162 q.
1275 2102 1301 2144 1.
1332 2098 1387 2144 art,
1404 2101 1432 2141 2,
1463 2083 1578 2160 mucius.
1595 2102 1623 2162 3.
1659 2078 1801 2142 Dicaslill.

1011 2162 1084 2244 disp.
1101 2185 1130 2239 9.
1158 2157 1226 2223 dub.
1245 2183 1292 2240 19.
1323 2159 1457 2226 Coninch
1500 2163 1571 2246 disp.
1588 2182 1637 2243 34.
1667 2161 1711 2223 La
1733 2180 1801 2222 mao

1012 2242 1064 2306 tib.
1083 2265 1109 2325 5.
1132 2241 1213 2306 tradi.
1233 2264 1277 2308 10.
1296 2260 1415 2327 parag.
1446 2266 1470 2306 c.
1488 2267 1514 2308 1.
1544 2266 1620 2308 num.
1638 2262 1665 2302 a.
1713 2261 1803 2325 potet

1013 2345 1080 2388 tone.
1099 2347 1125 2407 3.
1143 2341 1218 2407 part.
1235 2348 1263 2407 3.
1284 2348 1309 2388 c.
1326 2345 1354 2388 2.
1377 2349 1405 2390 n.
1423 2329 1491 2402 506.
1552 2404 1559 2408 .

1057 2410 1205 2468 Notanter
1226 2422 1324 2468 autem
1346 2404 1401 2467 suit
1421 2404 1559 2481 diuum„
1575 2403 1685 2488 petenti
1706 2402 1799 2478 serio,
1820 2423 1843 2480 4

1015 2485 1046 2548 δι
1067 2484 1219 2557 instanter,
1244 2484 1310 2548 idest
1330 2483 1384 2548 tali
1408 2484 1524 2561 modo,
1552 2503 1585 2549 ut
1606 2484 1713 2548 constet
1733 2505 1801 2548 con-

1014 2569 1111 2645 jugem
1134 2564 1207 2627 velle
1236 2564 1348 2645 erigere
1377 2563 1512 2645 copulam
1543 2583 1693 2646 tamquam
1724 2562 1802 2634 debir

1012 2662 1076 2707 tum
1097 2642 1266 2725 conjugale3
1290 2646 1371 2706 Nam
1391 2664 1448 2707 non
1460 2663 1558 2726 peccat
1576 2647 1682 2719 conjux
1700 2646 1802 2715 conju-

1011 2725 1042 2806 gi
1062 2724 1190 2787 debitum
1213 2720 1298 2791 semel
1319 2741 1456 2797 tantum,
1478 2725 1509 2786 δι
1527 2722 1653 2799 obiter,
1675 2723 1721 2790 vel
1744 2724 1799 2785 im·

1013 2806 1114 2889 plicite
1133 2803 1263 2888 petenti,
1287 2805 1410 2870 modelle
1440 2803 1632 2887 deneganda,
1663 2805 1802 2887 tergiver-

1014 2886 1121 2961 sando,
1144 2884 1170 2949 se
1190 2884 1378 2962 excusando,
1411 2904 1522 2968 prete,
1554 2886 1600 2955 vel
1621 2883 1701 2949 suasu
1720 2908 1801 2950 aver·

1013 2968 1101 3034 tendo
1123 2986 1290 3053 pereuntem,
1315 2968 1333 3031 sr
1357 2968 1385 3031 id
1406 2987 1473 3039 non,
1487 2966 1571 3032 valde
1600 2987 1674 3047 agre
1694 2966 1803 3031 laturus

1013 3050 1164 3127 videatur.
1189 3051 1234 3124 fvt
1254 3055 1406 3121 communis
1425 3070 1492 3119 cum
1505 3047 1651 3121 sancita,
1673 3049 1705 3113 dt
1726 3049 1803 3128 Lay-

1013 3154 1080 3196 man
1103 3132 1176 3196 louis
1195 3133 1294 3195 citatis
1307 3168 1321 3192 ·.
1358 3130 1387 3192 Si
1410 3149 1508 3195 tarmen
1527 3151 1563 3194 co
1584 3126 1682 3203 noscat
1702 3129 1800 3203 conju·
1826 3149 1841 3209 ς

1016 3236 1081 3296 gem
1112 3212 1378 3295 tergiversationem
1410 3211 1531 3287 talem,
1564 3152 1611 3274 ieu
1642 3198 1801 3273 excusatio

785 3334 791 3341 -
882 3298 892 3311 ”
1016 3316 1101 3367 nem,
1124 3312 1175 3357 aut
1192 3302 1375 3358 'avertentem
1397 3311 1538 3375 precem,
1568 3289 1615 3358 vel
1648 3289 1801 3354 suasionem

1016 3376 1100 3442 valde
1120 3396 1192 3457 aegre
1214 3373 1361 3450 laturum,
1383 3373 1559 3438 &advertat
1580 3395 1614 3437 er
1636 3370 1801 3454 privatione

1015 3456 1104 3521 debiti
1136 3456 1295 3540 conjugalis
1325 3476 1392 3521 eum
1422 3453 1550 3540 pericuio
1585 3452 1802 3517 incontinentia

1016 3537 1141 3622 exponi,
1163 3555 1233 3611 tuuc
1255 3536 1440 3621 pertinaciter
1456 3558 1584 3620 negans,
1608 3532 1655 3597 seu
1671 3533 1703 3599 se
1718 3555 1801 3598 excu-

1016 3619 1079 3683 sans
1099 3663 1109 3695 ,
1131 3637 1180 3684 aut
1201 3618 1376 3696 dissuadens,
1397 3637 1497 3703 peccat
1518 3615 1700 3691 mortaliter,
1732 3614 1802 3678 licet

1017 3700 1158 3787 percipiat
1180 3703 1332 3783 conjugem
1354 3721 1413 3765 noo
1434 3701 1506 3765 adeo
1516 3698 1604 3774 serio,
1630 3691 1804 3790 &rigorose

1015 3804 1167 3866 tamquam
1187 3783 1317 3847 debitum
1339 3779 1491 3864 conjugale
1515 3781 1650 3865 copulam
1671 3797 1801 3858 erigere.

1018 3873 1064 3930 Ira
1084 3870 1168 3928 etiam
1188 3869 1337 3929 communis
1357 3883 1424 3927 cum
1445 3863 1597 3938 Sancbez,
1619 3861 1649 3923 ἃ
1671 3859 1804 3939 layman

1016 3949 1089 4013 locis
1110 3946 1208 4027 citatis
1229 3990 1237 4010 .
1269 3947 1318 4010 Ad
1348 3942 1570 4009 dionoscendun
1599 3939 1678 4024 qood
1698 3940 1842 4013 conjuro

1016 4030 1089 4094 serio
1111 4028 1241 4095 debitum
1262 3994 1414 4109 conjugale
1436 4043 1540 4110 petat,
1570 4041 1628 4087 oon
1650 4020 1689 4084 est
1710 4017 1801 4115 neces·

1015 4110 1091 4187 saria
1112 4109 1219 4195 petitio
1241 4108 1381 4193 expressa,
1404 4107 1435 4171 δι
1459 4102 1611 4183 brutalis,
1632 4099 1679 4165 sed
1700 4097 1803 4164 sufficit

1016 4194 1124 4269 tacita,
1147 4191 1308 4268 virtualis,
1344 4191 1375 4255 dt
1396 4187 1648 4274 interpretativa,
1669 4203 1732 4267 quae
1752 4181 1801 4263 lta·

1016 4269 1117 4341 beatu
1137 4295 1156 4337 a
1175 4272 1260 4368 signis
1280 4271 1474 4334 indicantibus
1494 4268 1596 4335 seriam
1618 4265 1801 4331 voluntatem

1015 4355 1153 4440 petendi.
1178 4355 1271 4418 Divus
1290 4355 1425 4433 Thomas
1454 4356 1485 4415 in
1512 4373 1543 4429 4.
1564 4349 1627 4443 dist.
1644 4368 1692 4426 32.
1712 4344 1802 4426 quaeJl.

1014 4444 1098 4501 unica
1117 4459 1172 4501 art.
1188 4457 1217 4500 2.
1237 4434 1431 4517 quellimcula
1447 4437 1541 4517 prima
1560 4435 1591 4511 air
1610 4445 1739 4509 corpor&
1763 4425 1800 4487 D.

1015 4520 1185 4584 Antoninus
1204 4521 1287 4582 terrra
1315 4535 1397 4601 parre
1417 4520 1464 4577 tir.
1482 4537 1508 4579 r.
1530 4529 1591 4593 cap.
1607 4529 1655 4569 20.
1676 4510 1706 4586 §.
1720 4529 1749 4584 7.
1769 4508 1802 4569 ἀ

188 4620 217 4660 a.
234 4616 261 4678 3.
283 4595 351 4662 ubi:
376 4598 462 4666 Uxori
481 4602 531 4663 uir
549 4596 676 4667 debitum
696 4598 797 4664 reddat
818 4598 841 4680 ,⁴
859 4602 975 4667 rvrllitn
1011 4602 1068 4670 alii
1088 4600 1286 4671 communiter
1306 4642 1315 4665 .
1337 4600 1379 4666 Er
1400 4598 1456 4662 hoc
1478 4590 1606 4658 maxime
1637 4585 1799 4658 verificatur
1820 4606 1840 4666 7

1460 4675 1550 4741 Aa
1730 4671 1761 4733 in
