4075 5275
479 58 725 233 initio,
753 124 836 210 nv
865 128 1182 237 vinonio,
1211 133 1332 219 ιιι.
1362 132 1435 219 iv.
1648 141 1734 251 339‘

169 238 393 394 ,inditi
413 237 694 387 {initii
715 236 876 401 {itini
894 240 959 384 iii]
1000 243 1600 407 {iiiiiii’ci‘iiigiiiitff‘iiii}
1618 249 1787 409 iiiii}

170 412 259 475 dum.
280 409 463 469 Conmemis.
995 423 1063 467 crim
1084 402 1221 469 consensu
1232 407 1309 470 Petri
1329 405 1427 470 scribit
1448 404 1660 485 fraudulenter,
1682 412 1714 472 δι
1729 412 1781 475 do·

115 497 152 579 36
189 487 336 570 Legitime
356 485 500 551 retrahere
519 482 622 551 volens
645 483 728 548 debet
769 495 875 546 natuor
895 501 948 566 po·
996 482 1055 549 iose
1076 485 1106 547 iri
1128 484 1317 550 instrumento
1338 485 1365 550 se
1386 487 1482 551 emisse
1503 507 1557 572 pto
1587 488 1716 553 ducentis
1736 511 1786 556 au·

168 569 311 637 tissimum
340 567 521 633 conditiones
540 563 718 631 observare.
780 561 856 626 rimo
875 562 960 629 debet
1001 567 1076 638 reis3
1095 565 1180 630 Ttiis
1200 567 1280 630 enim
1299 569 1465 632 committit
1480 568 1599 646 dolum,
1621 569 1672 650 qni
1696 570 1786 642 ioJu·

168 649 313 718 retrahere
332 648 410 713 intra
429 667 564 724 annum,
587 648 619 709 or
638 647 715 711 diem
734 667 744 719 3
773 660 832 727 cap.
855 646 959 726 conssi-
1000 668 1031 710 re
1051 647 1158 711 dicitur
1176 651 1369 725 stellionatus,
1391 649 1423 711 δι
1444 648 1544 721 injuste
1573 649 1697 734 impedit
1717 672 1786 716 con·

150 755 248 798 «ιιιιιυ
260 731 290 794 8.
310 728 345 792 de
364 733 396 793 in
412 733 549 811 integrum
567 727 650 805 restit.
666 727 727 790 ibi:
747 726 957 803 infremunt,
1000 726 1170 809 sanguineos
1190 728 1352 794 venditoris
1370 750 1388 792 a
1407 727 1609 795 consecutione
1637 731 1726 809 boni,
1747 731 1785 795 ad

131 826 134 841 '
173 815 213 879 (9
234 812 327 889 diem,
347 810 446 874 Titui.
460 832 492 887 9.
512 810 543 888 §.
551 807 636 885 final.
656 806 712 871 lib.
724 827 754 868 2.
768 804 958 870 romeon·
997 808 1078 890 quod
1098 808 1245 891 privative
1264 830 1326 893 qno
1345 810 1383 873 ad
1403 811 1413 872 i
1435 809 1497 874 suin
1524 829 1711 890 extraneum,
1734 812 1786 877 ha·

171 911 292 979 putatnt
311 908 410 956 antem
430 891 487 955 hoc
510 906 625 974 tempus
645 888 724 952 adie
742 886 868 969 cognita
888 909 956 952 veri·
998 889 1068 953 berit
1089 909 1192 953 verum
1216 891 1285 961 Jus.
1307 890 1392 954 Unde
1412 831 1490 979 inex
1510 890 1563 955 tali
1584 891 1793 971 fraudulenta„
1818 935 1825 946 ·

172 971 312 1038 ditionis.
335 971 429 1056 Engel
448 973 501 1037 loc·
514 975 563 1034 eir.
582 990 719 1046 sumno
741 969 773 1030 or
792 969 957 1032 communis
997 970 1029 1032 δι
1058 967 1158 1032 dolosa
1187 970 1367 1054 emptione,
1405 970 1607 1055 consanguinei
1635 972 1788 1058 patiuntur

172 1057 323 1128 aliorum
342 1076 401 1138 arg.
422 1056 472 1115 eie.
494 1056 540 1115 tit.
552 1076 582 1130 9.
603 1054 633 1129 §.
647 1047 734 1127 final.
753 1047 806 1112 lib.
818 1072 846 1112 ι.
869 1049 958 1113 Feud.
1000 1049 1120 1132 aliquod
1140 1050 1301 1130 damnum,
1335 1068 1452 1118 tenetur
1481 1070 1631 1118 extraneus
1650 1052 1687 1117 ad
1706 1075 1788 1118 corn·

172 1137 236 1200 ibi:
259 1134 356 1199 annali
372 1133 501 1211 filontio,
521 1154 556 1194 eir
574 1155 628 1212 quo
641 1132 779 1213 sciverit,
800 1147 957 1213 computan—
998 1130 1217 1214 pensationem;
1239 1155 1298 1217 arg.
1309 1135 1359 1196 cir.
1367 1136 1393 1196 l,
1402 1138 1437 1198 si
1455 1133 1583 1199 venditor
1599 1159 1647 1213 14,
1663 1134 1791 1212 ffidein

113 1241 155 1305 37
174 1222 237 1284 do.
266 1214 396 1281 Secundo
424 1213 508 1277 debet
529 1209 631 1276 oii'erre
661 1212 805 1294 integrum
835 1211 961 1294 pretium
1002 1213 1078 1272 diem
1097 1210 1257 1276 addidiione
1265 1238 1279 1286 ,·
1300 1213 1342 1275 Et
1364 1213 1518 1297 presertim
1534 1214 1791 1300 ficoniznguioens

173 1301 210 1365 ab
230 1314 361 1382 emptore
380 1312 517 1358 extraneo
538 1292 684 1368 solutum,
706 1311 844 1356 unacum
863 1292 1110 1379 omniQns
1130 1291 1181 1362 Jus
1202 1292 1363 1358 retrahendi
1385 1337 1395 1370 ,
1426 1295 1641 1367 refudissentssali
1660 1296 1791 1383 emptori

176 1384 229 1445 bus
248 1376 435 1461 sumptibus,
470 1372 780 1459 &experientium
801 1392 816 1435 c
839 1370 965 1467 ntraiius
1005 1391 1142 1437 extraneo
1162 1370 1300 1438 ducentos
1329 1395 1459 1452 aureos,
1488 1394 1634 1441 teneretur
1663 1376 1722 1474 ipse
1743 1401 1790 1443 eir·
1879 1388 1883 1395 ”

171 1458 326 1526 neceinrio
346 1455 453 1534 farris,
485 1457 560 1521 itaut
581 1478 627 1521 em
650 1452 845 1519 tot-semetui
866 1473 962 1516 omni·
1004 1470 1120 1517 tianeus
1140 1453 1194 1518 iios
1214 1470 1331 1520 centurn
1350 1476 1449 1521 aureos
1458 1458 1620 1534 restituere,
1664 1481 1710 1524 uia
1728 1459 1793 1523 nui·

171 1563 212 1604 no
233 1531 395 1610 indemnis3
416 1562 523 1619 argum.
543 1538 565 1601 Ι.
586 1476 667 1601 deici
686 1556 780 1599 aurem
800 1557 850 1611 27.
864 1533 905 1613 ff.
926 1532 962 1593 de
1002 1532 1033 1598 io
1053 1533 1325 1618 justotituiopoiiet
1339 1536 1478 1601 retinere.
1500 1537 1547 1602 Sic
1564 1538 1637 1603 reete
1699 1540 1792 1605 Croix

173 1620 295 1684 AEdilir.
317 1618 412 1682 udin.
441 1621 464 1683 l.
486 1626 560 1682 Cum
588 1618 735 1680 dubitatur
765 1638 793 1693 3.
815 1617 845 1694 §.
867 1618 908 1677 Et
934 1613 964 1691 si
989 1612 1054 1677 tib.
1071 1636 1100 1694 3.
1116 1631 1192 1696 part.
1210 1637 1237 1676 ι.
1259 1640 1335 1679 num.
1349 1639 1421 1698 995.
1456 1617 1540 1681 Unde
1570 1619 1720 1685 laudabilis
1749 1623 1789 1686 est
1808 1642 1850 1702 42

106 1705 151 1787 38
171 1705 305 1786 quidem,
327 1708 364 1764 C.
377 1700 489 1782 deJure
503 1698 595 1785 Emph
614 1702 730 1763 teutico.
751 1696 857 1760 Tertio
877 1694 962 1759 debet
1003 1693 1178 1760 consuetudo
1199 1695 1317 1760 iliorum
1331 1698 1481 1778 iocorum,
1504 1700 1535 1762 in
1555 1700 1659 1782 quibus
1678 1703 1714 1764 ad
1727 1702 1790 1766 evi·

169 1781 319 1849 refundere
339 1779 426 1844 fodias
446 1781 556 1847 interea
575 1724 613 1844 ai
631 1795 763 1863 emptore
785 1777 816 1872 in
829 1797 891 1839 rem
912 1798 961 1840 eir·
1002 1778 1106 1872 tandas
1125 1797 1228 1840 omnes
1246 1775 1373 1853 fraudes,
1394 1797 1563 1846 occurrente
1581 1780 1670 1846 dubio
1688 1782 1791 1846 iimiiis

169 1861 274 1949 pensas
295 1861 486 1938 neceiiatias,
517 1862 549 1924 δι
569 1860 683 1936 utiies,
714 1880 786 1943 quas
806 1855 864 1940 ipse
894 1877 963 1920 con·
1003 1856 1144 1933 melitite,
1165 1860 1197 1921 or
1217 1858 1296 1932 doli,
1318 1859 1434 1952 cogitur
1453 1861 1611 1938 venditor,
1643 1863 1675 1924 or
1695 1878 1790 1928 extra-

101 2010 105 2015 ,
172 1940 374 2028 sanguineus,
396 1943 444 2006 vel
466 1942 611 2008 retrahens
630 1940 735 2009 fecisset
756 1961 766 2012 ;
796 1939 818 2000 i.
842 1938 963 2002 Utilium
1002 1960 1073 2002 neus
1094 1956 1211 2022 emptor
1230 1941 1265 2001 ad
1286 1939 1436 2012 jurandum
1458 1986 1467 2017 ,
1497 1942 1577 2025 quod
1597 1963 1694 2009 revera
1714 1942 1790 2008 solu·

170 2028 204 2090 8.
218 2027 259 2107 ff.
281 2025 317 2086 de
335 2030 449 2107 imperi.
472 2028 504 2086 in
524 2046 564 2087 res
582 2023 640 2086 dot.
661 2025 729 2085 isi
743 2022 843 2099 servus
857 2041 905 2099 ις.
924 2019 963 2095 ff.
1004 2036 1069 2083 rum
1092 2020 1126 2085 sit
1146 2019 1206 2085 iaie
1225 2021 1371 2115 pretium,
1395 2023 1426 2086 di
1438 2042 1474 2086 co
1494 2023 1553 2088 itur
1568 2023 1793 2106 consanguineus

169 2110 209 2169 de
223 2111 363 2191 pignerat.
383 2132 402 2168 a
429 2109 485 2168 ion.
505 2104 526 2168 i.
546 2126 595 2185 27.
612 2104 651 2182 ff.
671 2103 707 2165 de
726 2103 846 2167 AEdilir.
869 2099 964 2165 edin.
1004 2100 1154 2166 retrahens
1173 2102 1208 2165 ad
1235 2101 1385 2175 rurmdiim
1413 2045 1494 2245 quoi
1522 2125 1574 2188 pro
1597 2103 1651 2181 se,
1682 2106 1715 2168 dt
1740 2102 1792 2173 suo

169 2191 248 2254 Non
268 2207 367 2253 tamen
388 2184 522 2270 expensas
542 2184 763 2269 voluptuarias,
785 2191 836 2248 cir.
857 2183 880 2245 Ι.
900 2187 962 2247 Uti.
1003 2181 1182 2269 commodo,
1205 2181 1237 2245 δι
1256 2205 1316 2247 non
1336 2204 1390 2269 pro
1410 2182 1469 2247 aio
1490 2185 1637 2250 retrahat.

176 2271 250 2333 lium
270 2271 300 2332 8.
316 2269 351 2332 de
371 2270 486 2351 imperil.
507 2271 537 2330 in
557 2289 599 2328 res
616 2283 670 2329 rut.
694 2265 765 2329 ΘΙ.
774 2265 834 2343 line
854 2287 904 2347 32.
922 2264 961 2341 ffi
1280 2340 1285 2352 I
1345 2291 1347 2297 t

99 2354 153 2438 ξφ
175 2350 212 2413 de
231 2348 389 2446 adminiin
407 2348 448 2414 (it
456 2350 545 2432 petie.
565 2364 656 2411 tutor.
677 2348 792 2441 Qparto
811 2346 895 2445 debet
916 2342 967 2413 suo
1168 2345 1332 2417 Addiii'ones
1351 2369 1384 2413 ex
1402 2348 1493 2415 aliena
1519 2355 1628 2417 manu.

173 2429 695 2605 prpppnnp,rptrppppeup,Nrponnpppp
707 2448 737 2489 m
752 2427 969 2605 ύὲἷὶῃὲζὲοἰῃιιι
1048 2509 1135 2590 Quod
1157 2514 1306 2599 emptione
1326 2514 1357 2580 δι
1377 2514 1546 2583 venditione
1565 2511 1688 2599 persedit
1709 2556 1718 2588 ‚
1749 2530 1793 2578 ta·

175 2593 276 2661 cedere
297 2611 455 2670 extraneo,
477 2614 548 2678 quia
567 2591 618 2664 los
639 2608 714 2656 retra
744 2612 775 2656 iis
795 2590 966 2675 gentilitii,
1008 2595 1090 2660 mersi
1112 2614 1156 2659 res
1176 2595 1296 2663 vendita
1314 2619 1373 2662 nori
1394 2599 1428 2661 sit
1449 2595 1573 2673 tradita,
1609 2596 1628 2658 si
1649 2591 1713 2660 cesu
1733 2591 1792 2658 ior·

171 2676 225 2741 seu
245 2675 450 2757 consanguinei
473 2675 511 2739 eit
533 2670 698 2758 personale,
720 2672 848 2755 adeoque
868 2693 963 2740 extra·
1004 2676 1084 2741 tuito
1105 2697 1222 2762 pereat,
1253 2676 1361 2740 damno
1382 2676 1536 2760 Emptoris
1594 2694 1675 2753 reat,
1699 2675 1792 2756 liquet

172 2779 246 2822 netu
265 2757 367 2839 nequit
388 2755 461 2832 esse,
491 2755 523 2819 &
543 2755 606 2819 fieri
628 2753 707 2819 iilius
727 2755 890 2841 particeps3
910 2757 963 2822 ali..
1005 2781 1040 2822 et
1072 2762 1102 2837 §.
1120 2783 1146 2837 5.
1168 2757 1262 2844 instit.
1285 2756 1320 2821 de
1352 2757 1455 2841 Einpt.
1476 2757 1508 2819 δι
1542 2696 1662 2820 xiiidie.
1683 2775 1715 2817 ur
1735 2782 1790 2819 mo
1811 2779 1849 2841 43

175 2855 223 2904 ter
244 2854 337 2903 rueret
358 2856 461 2903 natura
481 2837 634 2913 retraiius,
655 2834 707 2918 qui
729 2855 761 2901 ut
775 2837 903 2902 diximus
923 2840 965 2901 in.
1005 2858 1052 2900 ner
1071 2837 1175 2900 aanor
1193 2859 1268 2900 num.
1282 2857 1329 2899 ir.
1351 2839 1397 2900 At
1417 2836 1608 2902 nihilominus
1626 2837 1700 2901 inter
1716 2838 1791 2902 aiios
1846 2909 1851 2920 Ι

172 2919 403 2995 troianum,
425 2941 462 2982 rie
481 2917 659 3002 poiiessiones
678 2935 831 3001 patemn,
852 2921 883 2981 dt
903 2919 964 2980 avi·
1007 2938 1127 2998 magnus
1148 2920 1282 3000 Cujacius
1301 2916 1442 2982 rraii.81.
1463 2918 1503 2980 ad
1523 2920 1658 2998 Africam
1673 2919 1703 2980 in
1722 2939 1792 2983 con·

171 3016 214 3061 tte
234 2999 264 3061 in
285 2999 411 3076 alienas,
432 3000 464 3061 δι
484 3017 635 3066 extraneas
655 3019 758 3063 manus
777 2995 958 3063 deveniant.
1002 2998 1122 3059 trariam
1146 2997 1202 3064 ivit
1224 2996 1395 3063 sententiam
1415 3043 1422 3062 .
1447 2999 1588 3065 innititur
1609 2997 1668 3085 ipse
1687 3003 1723 3062 L.
1742 3019 1791 3063 ιι,
1811 3023 1853 3083 44

172 3082 359 3144 Communis.
1002 3076 1043 3142 (9·
1073 3077 1158 3143 duab.
1174 3083 1300 3163 sequent.
1319 3077 1358 3156 ff.
1379 3079 1414 3141 de
1443 3083 1561 3144 Pericul.
1584 3080 1624 3144 Φ
1657 3080 1790 3144 commod.

102 3181 148 3240 40
215 3159 296 3223 Hinc
326 3160 532 3243 fiproximior
559 3159 791 3242 consanguineus·
801 3155 962 3226 venditoris
1003 3164 1060 3223 Rei
1078 3159 1188 3226 vendit.
1208 3179 1273 3225 tum
1295 3160 1326 3224 δι
1360 3160 1488 3226 maxime
1508 3166 1545 3242 L,
1563 3184 1611 3245 33.
1631 3161 1666 3236 ff.
1690 3166 1790 3225 Locar.

169 3239 211 3304 ad
231 3241 429 3324 impediendos
449 3240 524 3306 aiios
544 3242 714 3306 remotiores
732 3239 961 3323 consanguineos
1001 3243 1049 3306 Ex
1069 3241 1189 3325 prosess'o
1211 3264 1282 3309 vero
1298 3253 1371 3307 euni
1393 3240 1558 3318 refutavit,
1588 3240 1791 3384 responditque
1930 3311 1939 3326 ,

166 3344 191 3386 a
212 3321 267 3387 taii
289 3322 439 3398 miiaiin,
461 3321 681 3406 fraudulenter,
703 3324 735 3386 or
755 3321 853 3386 dolose
873 3340 961 3389 retra-
1002 3324 1139 3388 omnibus
1169 3323 1245 3387 hisce
1274 3324 1384 3406 iegibus
1417 3322 1586 3388 clarissimus
1651 3322 1693 3387 iei
1707 3324 1742 3390 de
1762 3347 1792 3386 ee
1848 3371 1856 3379 .

168 3405 230 3468 hat
250 3426 304 3482 pro
325 3404 386 3468 aiio
406 3422 570 3484 exnaneo,
603 3401 713 3485 fingens
742 3403 885 3469 retrahere
905 3422 959 3487 pto
1001 3404 1074 3488 qaod
1090 3404 1193 3487 julium
1221 3406 1257 3484 esi
1287 3408 1364 3467 circa
1388 3403 1503 3489 petiisti.
1526 3405 1565 3467 Φ
1598 3404 1729 3467 commod.
1751 3407 1792 3467 rei
1811 3431 1849 3491 45

169 3484 223 3562 se,
244 3482 423 3548 &insnum
445 3485 652 3561 commodum,
676 3490 778 3565 pec‘cat
797 3502 900 3548 contra
919 3488 963 3559 jn⁴
1003 3485 1113 3552 vendit.
1135 3504 1194 3571 cap.
1210 3507 1239 3548 2.
1259 3502 1310 3567 pei
1328 3503 1379 3549 ror.

165 3566 304 3641 ssitiam,
326 3565 358 3627 δι
380 3582 494 3630 tenetur
513 3565 550 3628 nd
570 3566 780 3649 compensanda
801 3565 908 3631 damna
928 3564 962 3627 ii·
1047 3570 1126 3632 inter
1146 3589 1195 3632 eos
1215 3586 1286 3632 vero
1297 3612 1307 3642 ,
1326 3567 1378 3664 qni
1400 3581 1481 3631 tenet
1498 3564 1622 3650 perieiio
1643 3566 1793 3630 contraditi

163 3648 212 3711 iis
233 3645 299 3711 inde
319 3642 444 3718 sectria3
472 3669 579 3728 argum.
600 3649 622 3711 l.
644 3651 678 3710 ii·
707 3648 835 3711 venditor
859 3671 905 3726 14.
921 3647 962 3725 ff·
1003 3648 1214 3733 emptionis&
1235 3646 1434 3724 venditionis,
1457 3668 1518 3712 rem
1554 3648 1702 3714 venditam
1723 3649 1794 3712 licet

165 3731 213 3795 de
232 3733 263 3791 iii
283 3730 359 3792 diem
377 3726 552 3804 addidime,
572 3728 641 3809 quia
661 3726 728 3792 illos
742 3729 885 3793 malitiose
908 3728 962 3790 im·
1004 3754 1063 3795 non
1085 3729 1247 3805 traditam,
1270 3726 1392 3794 fortuito
1412 3728 1478 3794 casii
1508 3746 1689 3813 peremptam
1709 3728 1790 3793 dani·

162 3809 291 3956 pedivit
310 3831 330 3873 a
348 3807 548 3907 consecutione
566 3810 668 3905 imni,
700 3810 737 3874 ed
755 3811 835 3893 quod
856 3809 963 3873 habent
1003 3834 1053 3907 no·
1076 3811 1233 3907 Emptoris
1250 3810 1362 3907 perire,
1378 3830 1443 3906 ‘non
1464 3809 1602 3906 cpnvenit
1622 3809 1657 3872 de
1677 3811 1794 3907 iptione
1879 3905 1884 3914 ¹

177 3908 342 3974 egittmum
363 3890 436 3968 Jus,
467 3909 613 3976 privative
631 3892 728 3987 qnpad
749 3913 849 3958 omnes
869 3909 962 3957 extra·
1004 3895 1088 3967 huius
1107 3892 1323 3977 dispofitionis.
1346 3890 1423 3956 Vide
1444 3911 1496 3974 qur
1517 3910 1610 3955 virias
1631 3893 1791 3954 Vitiorum
1810 3895 1852 3972 4⁶

162 3995 263 4052 neos,
284 3973 337 4056 qui
357 3991 503 4056 nequeunt
524 3971 584 4039 fieri
606 3973 762 4058 participes
780 3973 849 4038 tilis
867 3972 962 4049 Iuris,
1004 3972 1133 4039 rationes
1154 3971 1279 4038 referunt
1301 3971 1378 4038 Alei
1391 3977 1441 4038 cit.
1463 3988 1566 4055 cape.
1588 3996 1665 4036 num.
1680 3992 1727 4036 ιι.
1750 3969 1791 4034 (t

162 4078 230 4133 ite,
251 4071 286 4120 nt
307 4054 451 4131 diximus,
473 4072 625 4120 evertatur
641 4071 744 4119 natura
765 4054 898 4121 ieiunus
920 4054 962 4116 in·
1004 4053 1164 4121 Vasmuth.
1185 4059 1408 4120 exercitationum
1427 4055 1468 4118 ad
1487 4050 1650 4134 obscuriora,
1669 4051 1793 4135 quedam

162 4135 302 4203 trodieii
321 4134 358 4201 ad
387 4137 464 4202 hunc
486 4133 637 4220 speeiaiern
658 4135 775 4212 finem,
810 4154 844 4201 ut
864 4133 964 4217 pones·
1002 4141 1078 4223 juris
1099 4140 1220 4201 Romani
1238 4139 1332 4220 capitii
1352 4129 1412 4220 rap.
1430 4157 1456 4198 ι.
1472 4151 1524 4219 per
1542 4153 1593 4198 ror.

165 4220 268 4284 siones
288 4234 415 4303 paterna
432 4264 442 4294 ,
462 4218 493 4280 dr
513 4217 601 4284 avitae
620 4214 851 4291 conserventur,
873 4217 903 4279 δι
923 4238 964 4282 re·
1046 4219 1126 4282 Mox
1136 4218 1268 4284 landino
1278 4216 1355 4284 Ares
1361 4217 1420 4281 eod.
1439 4234 1498 4300 cap.
1510 4237 1538 4279 a.
1549 4243 1578 4280 ii.
1593 4239 1640 4300 13·
1650 4215 1724 4280 hanc
1733 4213 1792 4282 red·
1812 4236 1855 4298 47

167 4307 319 4366 manennt
341 4300 372 4363 in
395 4299 529 4380 proxima
548 4298 744 4383 posteritate,
775 4296 965 4374 Mamilia,
1007 4300 1052 4364 dit
1074 4300 1238 4366 rationem.
1260 4344 1281 4377 „
1302 4300 1380 4376 Quid
1395 4298 1503 4382 igitur?
1525 4299 1607 4379 Cape
1628 4296 1793 4379 sequentia.

87 4406 133 4464 ⁴1
163 4383 201 4447 δι
226 4403 288 4446 non
308 4380 455 4446 transeant
476 4381 512 4444 tid
532 4397 701 4445 extraneos.
724 4377 770 4443 Sic
790 4379 880 4443 etiam
903 4399 967 4461 pec·
1009 4382 1059 4444 Est
1067 4381 1228 4448 contradins
1238 4402 1284 4446 em
1308 4381 1414 4451 tionis,
1435 4381 1467 4445 dr
1480 4377 1794 4462 venditionisftequen·

163 4481 223 4529 cat
255 4481 357 4528 contra
377 4460 543 4538 iustitiam,
574 4462 741 4525 &tenetur
771 4461 806 4523 ad
828 4480 965 4546 compen·
1006 4461 1146 4540 tissimus,
1169 4463 1257 4545 atque
1266 4400 1338 4526 egeo
1360 4459 1541 4540 neeessarius,
1563 4477 1596 4524 ut
1605 4459 1718 4525 dubites
1729 4457 1795 4544 pos·

164 4541 266 4608 sanda
294 4544 402 4609 damna
421 4544 486 4609 inde
519 4542 786 4608 seontaeirtraneus
807 4539 967 4623 ille,1qni
1010 4545 1045 4610 iit
1067 4546 1169 4610 neRes
1211 4543 1307 4608 nbiica
1326 4543 1383 4606 fine
1404 4540 1652 4617 ejusaominieuio
1673 4541 1722 4607 vel
1743 4561 1796 4624 per

166 4624 254 4691 emit
277 4644 396 4710 agrum,
418 4624 466 4697 seu
486 4628 607 4696 domum
629 4646 648 4719 a
667 4626 756 4693 Petro
776 4643 832 4711 pro
852 4640 970 4692 rentum
1013 4625 1177 4694 horamirib
1220 4647 1285 4694 ere.
1307 4620 1628 4768 DebrbatYpropndeeise
1645 4622 1793 4786 congppas,
