4075 5275
567 80 1126 187 EPISCOPUS,
1184 82 1493 173 Anr.111.'
1699 98 1841 208 389.
1913 179 1929 201 η

214 206 328 275 fingulae
357 201 394 269 nb
413 215 474 267 ono
503 196 701 281 gubernantur
721 196 898 294 Episcopo;
936 195 1005 261 binc
1047 193 1264 271 valueritusus
1285 196 1463 283 dispensandi
1485 199 1641 285 prasertim
1662 227 1729 273 cum
1754 208 1839 276 subli-
1926 209 1928 212 ’

211 291 354 365 majorem
376 282 510 366 deinceps
523 277 811 364 circumspeciionem
833 301 864 342 in
880 279 936 342 boc
957 278 1005 341 ad·
1047 277 1143 341 inibus
1164 276 1309 360 personis,
1334 297 1365 344 ut
1386 282 1482 366 plures
1504 283 1699 370 Episcopatus
1721 292 1751 355 in
1765 292 1840 359 Ger·

210 371 305 437 hiberi
329 367 478 440 mandat,
510 383 562 427 nec
584 360 675 425 solum
697 361 810 426 attendi
839 358 1002 445 exempla,
1047 358 1148 422 mania
1169 357 1251 422 simul
1273 360 1395 427 retinere
1415 361 1550 447 poslinr,
1572 367 1612 429 ob
1633 391 1697 434 eam
1741 372 1838 439 uidem

208 451 255 519 sed
277 450 434 535 peculiares
493 445 593 527 rpendi
613 441 788 526 singulorum
810 441 927 507 casuum
949 440 1004 504 cir·
1045 442 1176 517 juliam,
1198 440 1425 507 &laudabilem
1449 446 1623 524 rationem,
1654 468 1688 515 ut
1744 454 1839 520 versus

205 529 421 605 cumllantias,
475 528 554 590 abita
573 524 715 588 nimirum
746 523 860 590 ratione
879 541 993 608 tempo·
1037 522 1242 587 hereticorum
1279 541 1400 590 conatus
1433 526 1622 592 Catholiram
1652 531 1839 617 Religionem

204 632 302 692 mm,
332 610 516 698 personarum
537 654 546 681 ,
567 608 599 671 ἀ
618 606 837 670 Ecclesarom:
868 605 910 669 ita
929 604 993 689 qui·
1035 606 1167 689 opibus,
1189 604 1389 684 auciorirate,
1421 609 1553 688 potentia
1574 610 1713 679 saratecia
1738 630 1838 680 tueanl

205 699 302 772 dein,
334 712 366 758 ut
380 689 631 775 dispensationum
654 685 910 772 impertiendarum
933 706 998 750 nor·
1041 705 1114 761 tur;
1145 708 1181 750 eir
1204 685 1368 751 inconsulta
1389 704 1494 752 rameri
1515 689 1679 764 hujusmodi
1700 694 1839 782 dispense-

205 800 257 842 me
277 775 405 841 sumatur
424 771 606 857 porisinium
638 770 783 843 amajori
806 767 998 832 Ecclesurum
1045 767 1163 832 tionum
1185 765 1375 851 frequentia,
1407 769 1657 856 immoderatoque
1679 775 1750 855 uso,
1773 800 1837 862 gra·

204 859 332 944 ipsarum
352 855 452 931 bono,
474 872 507 917 ac
529 851 685 917 utilitate.
716 848 846 927 Quodsi
867 850 930 925 iis,
951 848 1004 932 qui
1047 847 1163 913 tissima
1193 848 1223 910 in
1245 849 1443 914 Christianam
1466 853 1690 937 liempubiicam
1724 859 1838 924 incom-

206 941 297 1006 2lieui
317 941 377 1014 jam
400 934 513 1023 prasint
535 930 696 1010 Ecclesia,
723 933 802 1006 juliis
822 933 857 996 de
877 931 966 995 caulis
985 953 1005 995 a
1046 934 1135 995 moda
1156 951 1273 994 manare
1294 931 1390 1026 posse,
1413 933 1597 1017 exploratum
1618 935 1686 1001 saris
1706 942 1762 1002 esi:
1784 943 1836 1007 viic

206 1023 279 1089 Sede
300 1016 499 1104 Apoilolica,
531 1018 661 1085 auriam
693 1012 779 1077 suerit
811 1013 1002 1087 concellum,
1044 1012 1143 1090 enirn,
1166 1033 1199 1075 ac
1220 1033 1256 1077 ne
1278 1035 1328 1077 vix
1349 1012 1471 1095 quidem
1483 1013 1587 1099 sperari
1608 1019 1717 1100 potesi,
1740 1039 1773 1085 ut
1785 1025 1838 1104 qui

203 1121 256 1169 aut
277 1098 409 1183 deinceps
429 1096 548 1161 concedi
567 1096 727 1175 contigerit
749 1096 898 1159 indultum
922 1092 1003 1176 eligi·
1044 1094 1156 1171 tribus,
1178 1093 1226 1158 vel
1246 1111 1390 1175 quatuor,
1413 1093 1460 1160 sel
1482 1096 1571 1159 etiam
1591 1099 1720 1195 quinque
1730 1101 1838 1168 carbe-

205 1184 333 1250 bilitatis
354 1182 389 1244 ad
410 1179 518 1251 aliam,
541 1175 667 1239 declarat
689 1175 831 1239 Sansliras
841 1177 915 1252 Sua,
939 1194 997 1236 non
1037 1173 1166 1238 draiibos
1188 1173 1352 1252 Ecclesiis,
1388 1197 1497 1259 magno
1520 1177 1649 1242 locorum
1679 1182 1837 1248 intervallo

206 1268 335 1352 per'hoc
364 1258 470 1325 censeri
499 1256 601 1321 debete
620 1256 780 1320 concessam
809 1254 996 1338 dispensatio·
1037 1254 1205 1331 disimilis,
1227 1254 1342 1339 presn,
1364 1276 1432 1319 curn
1447 1256 1560 1324 summa
1572 1260 1661 1325 etiam
1671 1261 1706 1322 in
1720 1279 1780 1326 rem

204 1371 271 1414 nem
286 1346 320 1407 ad
342 1340 473 1406 essecium
488 1336 572 1403 simul
587 1337 730 1402 retinendi
745 1337 995 1419 pradiciamquo·
1038 1334 1145 1399 talibus
1166 1336 1335 1419 potesiat'e,
1365 1359 1535 1406 easomnes
1556 1341 1704 1420 solerter,
1725 1364 1759 1407 ac

227 1454 259 1493 ne
281 1426 366 1486 aliam
389 1422 575 1497 Ecclesiam,
597 1419 659 1503 posi
680 1437 771 1498 quam
791 1417 895 1483 elesiio
916 1435 996 1501 pera-
1038 1414 1155 1491 diuose,
1178 1417 1210 1479 δι
1223 1437 1290 1480 cum
1306 1417 1476 1484 animarum
1500 1422 1548 1485 sibi
1563 1424 1778 1489 commistarum
1792 1426 1834 1492 sa-

203 1450 249 1573 aa
269 1506 352 1568 fuerit
374 1527 382 1577 ;
405 1502 449 1567 sed
469 1528 488 1578 ‚·
501 1520 658 1583 antequam
681 1498 785 1564 electio
806 1497 867 1583 ipsa
885 1519 904 1560 a
924 1495 995 1561 Sede
1038 1496 1099 1560 iure
1120 1518 1218 1581 regere
1236 1496 1355 1562 valeat.
1377 1502 1447 1575 Quo
1470 1501 1533 1567 sane
1554 1503 1607 1581 sit,
1630 1524 1663 1570 ut
1683 1505 1832 1576 obPasio·

201 1588 371 1673 Apolrolica
391 1582 606 1658 confirmetur,
630 1580 744 1643 summa
765 1580 935 1644 maturitate
956 1575 996 1641 es·
1039 1599 1103 1640 rum
1125 1577 1306 1656 absentiam,
1328 1579 1523 1661 decoratum,
1543 1607 1607 1670 quae
1627 1588 1663 1650 ad
1684 1606 1834 1672 tempora·

202 1672 229 1734 se
250 1666 505 1741 examinandum,
536 1685 573 1727 an
595 1661 737 1735 utilitas,
768 1663 814 1725 vel
846 1656 995 1724 neceslitas
1037 1658 1078 1724 ies
1097 1659 1223 1725 ditiones
1243 1660 1411 1743 pertinent,
1433 1665 1579 1747 copiam,
1602 1667 1729 1763 neglesia
1750 1672 1831 1757 spiri·

86 1752 96 1779 s
199 1750 307 1816 „gum
332 1748 553 1820 Eccsgfiarnm,
584 1744 617 1806 bi
636 1741 799 1804 catholica
831 1738 995 1822 Religionis
1037 1740 1110 1804 titali
1123 1737 1285 1805 Dioeoesum
1306 1740 1439 1819 cultura,
1462 1766 1513 1810 nec
1524 1747 1747 1813 catholicorum
1770 1772 1851 1817 mo»

198 1831 313 1898 tuenda
334 1831 411 1892 ratio
431 1826 579 1909 possidet,
603 1823 746 1906 impertiri
768 1822 931 1896 hujusmodi
950 1819 996 1882 di·
1039 1832 1100 1898 ret',
1122 1822 1174 1903 qui
1194 1821 1318 1887 aveteri
1341 1822 1473 1888 instituto
1491 1827 1681 1904 deflexerint,
1702 1834 1830 1916 corrigi,

199 1911 413 1977 sentinosam
435 1927 488 1990 pro
509 1903 644 1969 omnium
668 1904 849 1979 retentione,
872 1901 921 1970 vei
943 1922 995 1986 po-
1037 1925 1090 1968 nec
1111 1902 1311 1967 Ecciesialiicae
1331 1901 1490 2000 disciplina
1509 1908 1590 1973 nitor
1611 1910 1801 1996 redintegrari
1822 1961 1832 1991 ‚

198 2013 261 2060 tius
288 1993 321 2053 in
352 1988 477 2065 eiusdem
508 1984 657 2050 electionis
683 1983 905 2050 confirmatione
943 2003 996 2067 po·
1038 2007 1090 2050 nec
1112 1986 1251 2069 dogmata
1269 2006 1287 2047 a
1306 1980 1646 2069 fidealienaeirtirpari,
1666 2013 1719 2055 uec
1732 2014 1835 2059 eorum

199 2077 232 2140 ni
252 2075 388 2158 oporteat
410 2070 567 2133 Decretum
597 2066 632 2130 de
660 2065 720 2129 alia
739 2066 865 2131 Ecclefia
895 2065 996 2129 dimit·
1037 2088 1150 2132 veneno
1172 2065 1280 2153 polluti
1302 2065 1434 2132 homines
1454 2069 1490 2132 ad
1511 2070 1835 2154 Religionisonhode

201 2160 311 2223 penda..
1038 2170 1081 2211 rai
1094 2149 1249 2215 veritatem
1272 2146 1367 2210 reduci
1381 2152 1538 2215 commode
1559 2152 1685 2237 possint·
1709 2155 1834 2240 Itaque,

130 2260 176 2324 93
245 2236 382 2302 Declarat
415 2233 517 2301 itidem
540 2230 681 2294 Sanciitas
703 2227 777 2307 sua,
810 2252 869 2295 non
890 2249 996 2294 conve·
1035 2252 1075 2294 ne
1095 2229 1223 2312 plurium
1247 2228 1476 2326 Episcopatuum
1500 2233 1529 2297 in
1551 2256 1608 2297 una
1628 2235 1747 2316 persona
1766 2260 1834 2302 coa·

200 2322 283 2396 nire,
307 2338 339 2383 ut
361 2310 637 2388 indiserimmatirn,
658 2312 796 2392 nulloque
816 2310 942 2386 deleiiu,
965 2309 997 2373 &
1038 2310 1170 2376 εεῐνᾶῐῖθ
1190 2357 1199 2385 i
1223 2307 1306 2373 (δαῖς
1327 2312 1458 2393 ²¹¹⁰q¹¹i¹¹
1482 2314 1592 2397 iegibus
1614 2316 1686 2382 ²³⁶0
1709 2317 1830 2398 invisa,

200 2402 261 2466 fine
290 2397 379 2462 eausa
408 2394 576 2539 cognitione
605 2393 750 2456 tribuatur
771 2393 924 2489 Episcopis
954 2387 996 2453 sa·
1038 2414 1100 2476 quae
1120 2416 1153 2458 er
1178 2392 1350 2476 Apoilolica
1370 2394 1540 2458 auciorirate
1560 2396 1591 2456 in
1613 2397 1834 2466 edificationem

200 2484 295 2553 cultas
325 2480 435 2544 retinen
458 2478 466 2537 i
488 2473 570 2538 simul
598 2472 913 2557 plures'Digmtates,
946 2488 996 2535 aut
1039 2473 1111 2538 resie
1133 2473 1289 2556 aliquando
1303 2474 1502 2555 permittitur,
1524 2475 1683 2559 perniciose
1697 2480 1782 2545 cedat
1802 2482 1834 2545 in

201 2562 400 2628 canonicatus
420 2555 670 2630 cathedralium,
691 2554 741 2620 uel
762 2555 995 2639 collegiatarum
1037 2556 1284 2630 delirusiionem,
1308 2557 1342 2616 de
1365 2556 1496 2619 Consilio
1516 2556 1646 2699 {urium
1670 2562 1830 2627 Venerabi-

199 2644 416 2722 Ecciesiarnm,
436 2659 499 2705 tem
522 2640 553 2701 in
574 2636 753 2714 Germania,
773 2658 864 2720 quain
886 2638 916 2699 in
938 2637 993 2699 Po·
1037 2639 1110 2701 liuui
1133 2641 1269 2701 Fratrum
1293 2638 1456 2700 nostrorum
1478 2639 1507 2699 S.
1550 2639 1605 2700 ,Ε
1625 2642 1830 2709 cardinalium

171 2725 292 2790 'loniae
312 2727 446 2806 Regno:
477 2741 529 2804 per
550 2719 606 2784 boc
626 2718 737 2804 quippe
757 2717 870 2785 Divino
900 2717 993 2782 cultui
1035 2717 1234 2792 decernimus,
1259 2719 1486 2792 amandemus,
1509 2735 1542 2781 ut
1560 2718 1591 2780 '¹¹¹
1612 2724 1758 2803 ll0st2¹⁰ffl
1778 2728 1828 2805 ‘ii

199 2827 260 2870 non
280 2807 424 2870 mediocre
454 2802 662 2867 detrimentum
680 2798 828 2874 affertur,
861 2800 993 2865 Ecclesia
1033 2803 1084 2885 qui
1107 2801 1157 2864 uni
1170 2803 1230 2872 jam
1252 2797 1343 2879 prasit
1354 2797 1504 2871 Ecclesia,
1526 2819 1585 2862 non
1603 2802 1654 2863 nist
1674 2806 1761 2870 causa
1780 2829 1829 2872 co·

199 2886 309 2951 debitis
338 2886 505 2948 fraudantur
534 2882 708 2965 obsequiis,
747 2883 779 2946 &
800 2879 993 2946 Ecclesiastica
1056 2882 1168 2942 uitione
1189 2874 1351 2960 premissa,
1373 2880 1548 2944 concedatur
1570 2880 1722 2949 indultum
1743 2886 1829 2972 eligi·

197 2968 367 3050 stipendia,
396 2985 460 3047 quae
480 2985 534 3029 con
557 2984 612 3027 ruae
641 2962 768 3048 plurium
790 2963 993 3024 Ministroruni
1032 2905 1161 3023 biliraris
1180 2957 1218 3021 ad
1239 2959 1349 3023 aliam:
1372 2962 1482 3027 sivero
1501 2959 1829 3034 huiusmodiinduitum

196 3047 258 3109 Dei
279 3045 478 3110 sustentationi
498 2985 639 3108 desinata
660 3042 742 3115 sunt,
763 3041 795 3102 in
818 3058 905 3101 unam
927 3036 989 3099 col·
1035 3040 1107 3115 julla
1130 3040 1239 3125 pariter
1259 3038 1344 3105 causa
1376 3041 1591 3106 concedendum
1612 3045 1747 3113 videatur
1768 3053 1793 3114 ei
1818 3097 1827 3129 ,

196 3128 262 3190 laea
282 3124 459 3209 personam,
494 3121 717 3186 incitamentum
737 3118 864 3202 prebent
894 3119 928 3180 ad
950 3116 993 3181 lu·
1059 3121 1087 3183 ui
1103 3123 1164 3194 iam
1184 3122 1254 3184 duas
1273 3143 1355 3203 regar
1368 3122 1527 3198 Ecclesias,
1551 3123 1607 3189 seni
1631 3150 1661 3191 er
1674 3130 1767 3194 eidem
1782 3133 1829 3194 ln·

197 3227 299 3272 xum.
332 3205 460 3267 Mandat
482 3204 580 3285 itaque
602 3201 744 3263 Sanciitas
763 3198 842 3274 sua,
877 3198 994 3263 cautius
1032 3142 1118 3265 dulto
1141 3200 1280 3268 inseratur
1299 3206 1457 3280 conditio,
1489 3222 1521 3267 ut
1542 3145 1706 3289 ntundnan
1730 3213 1830 3278 Eccle-

107 3357 114 3368 =
194 3310 286 3368 quani
308 3286 443 3351 bacienus
459 3281 555 3364 ¹sorsan
577 3280 684 3345 facium
705 3280 812 3357 suerit,
835 3283 887 3344 liac
901 3280 992 3345 eriam
1035 3284 1123 3360 siam,
1146 3285 1182 3347 ad
1202 3305 1291 3365 quam
1311 3308 1378 3350 eum
1401 3285 1470 3367 eligi
1492 3289 1670 3372 contingat,
1691 3313 1753 3355 non
1776 3293 1829 3357 aii·

136 3359 143 3394 ¹
198 3371 230 3432 in
263 3392 291 3434 ne
312 3368 342 3427 in
364 3367 507 3449 pollerum
529 3364 604 3445 egi,
637 3365 691 3439 δι,
723 3362 864 3445 exemplis
894 3362 992 3445 seposi-
1034 3383 1080 3429 ter
1101 3363 1188 3449 point
1209 3367 1359 3440 obtinere,
1382 3387 1561 3449 quamuna‚
1582 3389 1672 3449 quani
1694 3373 1833 3439 maluerit

195 3446 367 3515 tisseslati
405 3463 440 3508 ut
471 3445 550 3527 prius
589 3443 646 3517 id,
683 3443 762 3524 quod
792 3447 876 3518 iuxta
914 3445 993 3507 loco·
1035 3469 1071 3511 ex
1114 3446 1238 3511 rioribus
1258 3449 1401 3511 dimissa.
1432 3448 1507 3509 Tres
1526 3446 1591 3511 deni
1616 3473 1650 3514 ue
1679 3452 1829 3519 obtinenti

200 3552 296 3606 enm,
328 3526 547 3601 Ecclesiamm,
597 3523 818 3607 etsonatuntque
848 3525 992 3589 conditio·
1035 3467 1338 3594 Ecciefiaslndultuni
1362 3525 1558 3610 eligibilitaris
1579 3470 1614 3594 ad
1635 3530 1725 3595 aliam
1748 3537 1830 3602 nullo

194 3633 276 3688 nee,
311 3610 345 3672 ad
366 3607 540 3691 ampliorem
610 3604 764 3686 igioriam
787 3606 919 3748 expedire
948 3605 991 3670 vi·
1032 3611 1123 3684 modo
1144 3608 1308 3675 tribuatur.
1333 3609 1428 3673 Enire
1448 3626 1576 3674 autemr
1615 3635 1717 3692 arnus,
1741 3636 1830 3700 atque

197 3691 265 3755 suin
288 3689 404 3756 suerit.
436 3694 484 3752 Ne
504 3704 601 3750 autem
625 3686 801 3751 saluberrimi
845 3688 906 3751 uius
929 3709 991 3750 mo-
1032 3689 1212 3755 obsecramus
1236 3694 1266 3753 in
1282 3690 1579 3755 Dominoliomanos
1617 3696 1749 3762 notifices
1762 3701 1829 3763 Suc-

194 3773 257 3837 niti
281 3771 424 3838 memoria
443 3766 623 3843 obsolescat,
646 3766 916 3832 vultSarisiissnnus
940 3771 991 3831 Pa·
1031 3772 1150 3836 cessores
1173 3773 1313 3848 nosiros,
1347 3789 1382 3836 ut
1404 3772 1455 3854 ipsi
1475 3791 1591 3854 quoque
1623 3797 1766 3843 memores
1788 3778 1827 3844 sa·

194 3873 246 3919 ter
264 3883 288 3928 ,i
316 3850 434 3935 presens
462 3852 518 3914 hoc
549 3851 706 3914 Decretum
747 3850 879 3914 asservari
916 3849 992 3933 apud
1033 3851 1204 3937 pientissimi
1236 3854 1344 3919 moniti
1376 3853 1618 3917 Tridentinorum
1643 3859 1762 3923 Parrum
1798 3862 1828 3923 in

198 3936 394 4000 artabano
415 3932 659 4016 Congregationis
697 3930 778 3995 rebus
815 3931 991 3995 confilloria-
1034 3956 1097 4019 cap.
1122 3937 1166 3997 18.
1190 3933 1248 3999 sess.
1270 3955 1319 4016 ας.
1352 3934 1386 3997 de
1407 3933 1555 3998 reformat.
1588 3935 1728 4002 salubrem
1751 3941 1826 4005 hanc

192 4019 274 4084 libus
296 4015 475 4111 ρηΡοῆῑε,
507 4033 594 4096 arque
617 4011 688 4075 iliud
709 4012 746 4075 ab
766 4012 888 4086 ejusdem
912 4015 991 4077 Con·
1034 4015 1246 4081 moderationis
1266 4037 1404 4079 normam
1427 4017 1456 4078 in
1478 4016 1736 4101 dispensationibus
1781 4044 1826 4086 rac·

195 4100 383 4184 gregarionis
415 4096 572 4160 Secretario
601 4111 835 4179 prorumpam,
865 4093 990 4176 quoties·
1031 4098 1115 4161 dietis
1128 4098 1254 4162 omnino
1275 4095 1379 4162 servari
1391 4115 1509 4162 curent.
1535 4099 1644 4163 Datum
1666 4041 1827 4169 erPasatio

188 4200 326 4262 eumque
345 4194 542 4259 opportunum
564 4174 678 4250 suerit,
702 4176 731 4236 in
754 4175 926 4239 memoriam
949 4199 990 4242 re·
1033 4179 1128 4243 nosiro
1150 4179 1296 4254 Quirinali
1318 4179 1374 4242 hac
1394 4178 1441 4241 die
1463 4200 1492 4260 ς.
1515 4180 1580 4252 Jan.
1599 4203 1687 4264 1731.

191 4258 298 4328 vocari
323 4279 443 4335 eorum,
467 4259 518 4338 qui
539 4259 585 4321 liis
604 4257 733 4321 derebus
753 4256 903 4320 consilium
917 4258 991 4321 Pon·
1074 4262 1091 4294 ¹⁶
1115 4259 1344 4343 Episcopatuum
1368 4259 1588 4343 resignationes,
1633 4285 1682 4327 uas
1696 4265 1745 4329 sibi
1758 4286 1822 4352 per-
1844 4287 1882 4348 95

186 4341 274 4411 errici
297 4341 442 4404 Maximo
461 4339 556 4405 daturi
577 4337 663 4404 sunt.
685 4339 750 4400 Hac
772 4338 819 4401 die
841 4342 869 4401 6.
884 4339 990 4411 Jaitua·
1034 4340 1116 4404 mitti
1138 4343 1284 4425 postulant
1308 4339 1474 4425 Episcopi,
1509 4362 1568 4406 non
1589 4284 1790 4413 admittuntur
1810 4371 1829 4413 a

192 4425 234 4490 ps,
249 4444 335 4488 ,nno
361 4443 448 4500 17³¹·
520 4449 531 4468 ι
1033 4421 1270 4503 congregatione
1291 4422 1516 4499 consistoriali,
1548 4423 1600 4486 nisi
1622 4427 1656 4491 eii
1676 4429 1826 4494 canonicis

124 4533 192 4592 94·
248 4507 352 4570 Altero
377 4503 518 4581 Decrero,
540 4501 619 4587 quod
641 4522 694 4587 pro
718 4502 855 4566 brevium
866 4502 991 4566 Secreta·
1033 4505 1121 4570 cauis
1142 4502 1283 4567 recensitis
1305 4506 1335 4565 in
1357 4520 1416 4586 cap.
1431 4509 1506 4566 Cum
1521 4505 1652 4587 pridem,
1674 4512 1709 4573 de
1730 4523 1827 4574 nuan-

195 4589 246 4653 eie
265 4587 496 4734 epidirunilpll,
519 4585 560 4654 itu
583 4601 719 4653 taretin:
744 4586 930 4669 Quamquam
951 4584 994 4647 iii·
1036 4590 1104 4660 cine.
1116 4611 1130 4662 ,-
1151 4606 1214 4671 quae
1237 4604 1334 4659 tamen
1358 4605 1470 4730 omiib
1479 4585 1515 4647 ad
1537 4587 1566 4652 id
1588 4587 1769 4733 referuntulr,
1791 4608 1825 4657 ut

211 4705 242 4736 -s
314 4689 373 4734 OM«
405 4673 418 4735 I
456 4713 465 4736 e
1512 4689 1527 4751 Ξ
1712 4692 1787 4738 (3st
