4075 5275
314 170 318 179 .
505 100 617 191 uo
645 106 698 194 M
729 108 1051 220 1N1Unn,
1111 102 1264 204 aaa·
1292 116 1387 205 111.
1615 153 1700 244 1„
1799 209 1815 220 ,,

32 292 33 307 ¹
139 218 236 315 βίη
250 214 680 360 Remmetotamenoobslrfnatio
705 218 839 317 reddendi
854 222 923 321 elli·
964 224 1186 321 &probabilior
1206 246 1303 309 tenet,
1327 232 1562 317 proacquirendo
1582 260 1677 308 rerum
1693 246 1768 313 Dra-2
1790 210 1842 250 Ἀ

31 314 34 323 ’
90 315 125 394 76
141 306 298 383 mationem
318 319 405 386 prettt
425 316 555 369 materna
575 299 672 364 ultus.
695 301 742 363 Sic
759 300 923 385 partsormr·
963 327 1060 373 mruro
1080 328 1132 392 per
1150 310 1358 378 Admixriunem
1379 315 1510 381 eamdem
1529 319 1582 384 esse
1606 325 1753 393 rationem

141 409 183 457 ter
203 387 301 485 prima
317 382 416 469 refflala
436 383 693 477 profidmixeiea
713 382 774 459 est,
809 384 927 466 quoda
965 386 1000 451 de
1075 390 1161 467 unia,
1182 393 1267 459 &de
1286 393 1433 462 frumento
1455 398 1573 477 mixto,
1603 401 1636 465 dr
1656 406 1770 479 baini:

139 471 243 557 spectac
262 470 386 534 derorum
408 465 607 558 Dominomm
627 474 705 546 rate.
726 459 873 558 frumenta
891 489 927 530 ex
966 489 998 530 m
1038 470 1250 551 imixrilibus,
1271 476 1375 560 &pro
1402 476 1586 545 discernendo
1605 484 1643 548 ad
1663 504 1770 567 quern'

140 552 283 634 utriusque
303 549 457 615 volontate
478 542 652 641 maneantur
666 585 694 638 ,ο
708 541 776 607 talis
795 544 928 611 cumulos
968 545 1072 643 speilet
1083 552 1256 618 Dominium
1278 558 1419 639 pecunia,
1439 560 1599 640 frumenti,
1620 567 1772 632 amane·-

140 629 262 700 efficitur
282 629 398 709 utrique
418 645 611 700 communis,
645 642 714 706 quia
734 645 769 689 ex
791 625 928 692 consensu
967 651 1028 694 rius
1048 631 1149 697 similis
1169 634 1295 700 mittilis
1314 681 1324 714 ,
1346 640 1461 721 quaudo
1481 642 1588 709 mixtio
1619 645 1694 710 sarra
1712 648 1771 712 eli.

141 714 285 796 utriusque
306 707 415 792 fingula
434 732 465 779 u.
486 729 530 791 gr.
549 723 665 789 grana,
697 724 761 799 qua
790 704 925 789 cujusque
964 732 1027 776 uno
1046 711 1186 792 volente,
1206 716 1236 781 δι
1255 716 1348 781 altero
1366 721 1501 805 nolente,
1524 741 1575 789 aut
1592 724 1771 806 nesciente,=

32 878 33 881 Ἴ
142 798 258 882 propria
277 791 407 885 fuerant,
430 808 533 886 mutuo
561 803 846 855 communicantur:
878 792 923 852 ln
965 791 1054 856 tradit
1075 791 1222 890 sequenter
1241 797 1573 881 resonantiarum,
1604 809 1682 891 quod
1701 811 1815 893 quim,

91 900 127 962 77
139 878 228 960 dieue.
248 875 283 937 de
301 895 355 937 rer.
372 872 461 951 diois.
477 871 511 947 ‚§.
525 867 613 954 ,Quod
626 867 658 944 fi
667 869 856 968 frumarium.
878 874 926 936 Se·
966 894 1029 938 rem
1057 874 1186 965 alienam
1215 898 1426 963 quamcumque
1455 883 1605 950 admiscuit
1635 889 1696 955 sua,
1712 890 1770 957 in·

143 959 234 1029 ,nuda
254 956 320 1031 est,
350 952 429 1047 quod
456 950 562 1047 licasu
591 971 625 1015 ea
655 970 830 1047 commixtio
851 950 926 1018 fana
965 975 1148 1042 quacumque
1168 963 1362 1047 quantitate,
1395 961 1501 1029 babens
1520 964 1751 1053 praesumptam,

142 1043 177 1105 lit
195 1084 207 1114 ,
228 1054 278 1102 aut
299 1054 370 1098 unus
391 1027 535 1121 miscuerit
555 1032 612 1095 srne
633 1032 752 1099 alternus
770 1032 924 1112 consensu,
966 1035 1013 1103 vel
1035 1039 1191 1120 expressam
1213 1042 1399 1110 uoluntatem
1420 1065 1478 1109 non
1507 1047 1675 1129 acquirendi
1695 1053 1770 1119 boa

141 1118 213 1185 talis
232 1114 358 1181 cumulus
379 1110 492 1175 non'lir
512 1102 696 1191 communis,
726 1115 796 1197 quia
816 1115 926 1212 singula
966 1115 1093 1182 minium
1112 1120 1206 1215 partis
1225 1123 1392 1203 admitte,
1422 1146 1480 1194 non
1502 1130 1632 1226 acquirit
1649 1131 1754 1198 Demi.
1800 1146 1835 1199 ,tr

233 1217 263 1260 ra
282 1196 311 1255 in
333 1190 380 1257 stra
399 1192 707 1270 subllantiadurent,
742 1216 776 1259 ac
806 1196 926 1281 proinde
968 1198 1051 1260 nium
1072 1215 1165 1263 tonos
1186 1204 1314 1280 cumuli,
1338 1205 1383 1270 sed
1403 1228 1468 1290 pars
1478 1210 1610 1275 admixta
1628 1230 1759 1282 remanet

141 1282 165 1347 fi
239 1275 377 1340 alterutro
396 1291 513 1339 tantum
534 1291 635 1340 totum
657 1274 833 1342 frumentum
854 1276 927 1342 deti·
967 1279 1060 1343 adbuc
1080 1277 1131 1343 sub
1143 1280 1285 1347 Dominio
1307 1282 1470 1369 suiprillini
1482 1292 1625 1366 Domini,
1644 1296 1756 1364 &tuuc

141 1378 263 1432 neam,
285 1373 450 1437 competere
470 1354 554 1431 alteri
575 1358 717 1422 actionem
739 1358 768 1418 in
789 1377 851 1421 rem
872 1378 927 1442 pro
1002 1359 1038 1421 'ia
1057 1380 1203 1444 nequeunt
1223 1362 1363 1436 discerni,
1382 1387 1447 1448 quae
1505 1390 1562 1435 rrer
1580 1373 1634 1436 sint
1653 1376 1738 1441 unius

140 1441 229 1507 modo
249 1433 383 1517 cujusque
405 1436 565 1513 srumenri:
598 1438 672 1502 unde
691 1437 782 1509 Judex
802 1439 926 1507 arbitra·
1018 1461 1085 1523 qua
1102 1441 1249 1522 alterius,
1283 1443 1391 1529 speclat
1409 1449 1445 1510 ad
1484 1451 1597 1518 udicem
1617 1454 1684 1520 dare
1706 1424 1759 1521 nel

139 1516 327 1591 ridebebir,
349 1517 437 1599 quale
457 1517 591 1602 cujusque
619 1518 796 1585 frumentum
819 1518 925 1596 fuerit,
968 1521 1045 1605 gulis¹
1063 1522 1173 1587 exilio
1192 1525 1329 1603 cumulo,
1349 1527 1429 1612 quod
1449 1531 1489 1594 eis
1532 1555 1564 1598 ro
1589 1553 1757 1602 ratacom·

138 1618 172 1669 ut
194 1600 288 1667 videat
310 1597 382 1677 quid
404 1599 517 1681 singulis
546 1622 580 1664 er
613 1598 665 1664 illo
686 1599 805 1665 cumulo
827 1599 926 1664 debea·
1019 1604 1062 1667 it:
1083 1603 1234 1687 colligitur
1253 1630 1287 1671 et
1309 1610 1437 1695 §.Quod
1450 1612 1481 1688 fi
1513 1630 1668 1681 runrenrum
1710 1624 1760 1685 ln·

138 1701 206 1757 tur;
228 1680 349 1760 Iidlitur.
369 1680 405 1743 de
423 1703 475 1745 ter.
496 1681 586 1761 divis,
600 1684 648 1749 cit·
670 1684 699 1761 §,
719 1680 808 1769 Quod
823 1680 853 1758 fi
864 1683 927 1762 fre·
961 1621 1054 1765 iiiut.
1075 1685 1112 1745 de
1127 1707 1180 1779 ter.
1203 1689 1292 1768 diois.
1314 1690 1356 1752 Et
1377 1689 1453 1754 ratio
1473 1694 1543 1769 esi,
1573 1697 1643 1776 quia
1666 1664 1759 1763 bom.

138 1782 293 1837 mentum„
330 1828 334 1841 ,
968 1786 1030 1832 non
1052 1766 1212 1848 acquiritur
1232 1769 1287 1833 fine
1317 1768 1468 1838 voluntate
1496 1775 1693 1856 acquirendi,
1726 1781 1760 1845 δι

81 1845 120 1928 78
149 1920 153 1927 v
180 1848 239 1913 Pro
259 1848 434 1931 acquirendo
454 1867 553 1915 tamen
584 1849 726 1915 Dominio
759 1849 859 1914 alienat
879 1868 926 1933 pe-
967 1868 1044 1913 nunc
1066 1845 1245 1930 presumitur
1274 1848 1368 1915 talem
1395 1854 1600 1921 admiscentem
1628 1857 1759 1923 alienam

139 1929 231 1996 cuniae
252 1949 303 2027 per
322 1931 535 1997 admixtionem
555 1953 622 1996 cum
644 1931 782 2017 propria,
805 1929 926 2012 speciale
967 1950 1050 2006 rem,
1071 1930 1119 1994 vel
1139 1930 1299 2028 pecuniam·
1313 1953 1381 1997 cum
1402 1934 1467 2012 sua,
1499 1959 1558 2003 non
1579 1938 1683 2003 babere
1704 1959 1758 2007 vo·

56 2080 63 2090 *
138 2012 211 2094 quid
230 2012 344 2076 videtur
363 2012 501 2079 statutum
521 2018 555 2076 in
574 2016 639 2076 nsi
658 2013 745 2075 alieni
762 2015 871 2076 nummi
879 2012 929 2087 78.
972 2010 1117 2074 hrntatem
1138 2013 1301 2096 acquirendi
1321 2017 1381 2089 eiua
1403 2014 1598 2095 Dominium,
1631 2019 1759 2103 adeoque

137 2091 388 2174 desolationibus,
411 2094 459 2157 ubi
481 2094 672 2161 fichabetee:
694 2097 727 2156 ss·
746 2096 833 2156 alieni
850 2115 930 2156 num·
971 2111 1157 2174 permenam
1177 2092 1388 2160 admixtionem
1420 2098 1478 2181 ipse
1506 2099 1664 2165 admiscens
1700 2121 1759 2163 non

136 2177 183 2242 mi
201 2178 303 2272 inscio,
324 2176 485 2271 ves-inuito
502 2179 639 2272 Domino,
657 2176 745 2270 solati
759 2177 847 2256 sunt,
869 2188 930 2237 mm
970 2173 1098 2254 acquirit
1118 2174 1159 2237 rei
1180 2174 1509 2276 admixtaePominium
1528 2205 1538 2255 3
1558 2178 1759 2275 alitercseque·

137 2255 929 2421 :rutilans{llll-,tirl‘lnrltlill
970 2255 1766 2427 'llll‘alfiidlnlnllmlnil‘fulll,

139 2421 202 2514 ita,
224 2435 256 2479 rer
275 2416 394 2496 discerni
409 2420 586 2501 nonpoffinr,
607 2420 667 2500 ejus
679 2415 763 2491 fieri,
785 2422 835 2499 qui
855 2439 928 2480 acce·
968 2357 1132 2497 ileligiosus
1151 2439 1217 2482 cum
1240 2420 1485 2506 suaconjungat,
1507 2424 1538 2485 δι
1557 2422 1702 2498 misceat,
1724 2441 1758 2489 ut

94 2536 99 2545 ·
134 2517 218 2643 pp,
248 2502 281 2561 iu
301 2496 384 2561 libris
404 2501 473 2559 Gaii
486 2503 626 2580 scriptum
647 2496 713 2574 est,
744 2499 787 2559 ira
807 2514 838 2558 at
856 2496 929 2563 eiiio
969 2515 1124 2579 utramque
1145 2500 1226 2563 simul
1248 2499 1298 2564 sub
1309 2502 1392 2567 clave
1402 2503 1506 2586 equali
1519 2525 1586 2567 cura
1599 2502 1758 2578 custodiat,

172 2580 261 2642 emino
280 2602 343 2641 cum
361 2601 408 2656 eo,
428 2583 480 2660 qui
502 2579 640 2659 didimi,
656 2580 732 2656 furti
751 2596 928 2662 competeret.
969 2595 1069 2662 peccet
1090 2597 1191 2644 contra
1212 2600 1316 2651 votum
1324 2583 1522 2677 pauperratis‚
1545 2585 1566 2647 fi
1586 2585 1661 2650 hauc
1682 2583 1759 2648 mit·

137 2661 200 2722 Ubi
221 2678 254 2724 ut
274 2659 354 2724 vides
372 2659 599 2733 determinatur,
622 2658 700 2742 quod
721 2661 864 2742 pecunia,
886 2678 929 2726 et·
973 2658 1089 2723 tionem
1110 2658 1211 2740 absque
1231 2661 1350 2724 licentra
1371 2663 1411 2724 sui
1426 2663 1540 2728 Praelati
1561 2663 1666 2739 saciat,
1711 2664 1760 2730 uia

133 2742 202 2814 iam
222 2737 314 2806 inscio
334 2785 345 2818 ,
375 2739 421 2805 vel
444 2740 540 2812 invito
562 2740 694 2804 Domino
713 2759 781 2805 cum
803 2741 863 2805 alia
882 2743 929 2807 ad·
971 2760 1024 2823 per
1037 2737 1210 2802 mixtionem
1219 2741 1345 2819 acquirit
1354 2740 1388 2804 de
1399 2761 1479 2805 novo
1490 2744 1664 2809 Dominium
1679 2685 1759 2814 iiiius

136 2821 254 2900 mixta,
275 2820 402 2886 transeat
423 2822 453 2882 in
473 2820 650 2888 Dominium
664 2820 783 2888 alterius
802 2824 930 2888 uolentis
969 2840 1053 2881 novae
1071 2817 1216 2900 pecunia,
1237 2839 1327 2900 quam
1348 2821 1563 2902 acquisitionem
1585 2823 1676 2892 facere
1697 2846 1757 2889 non

136 2920 238 2970 totam
260 2902 391 2979 babere,
422 2918 455 2966 ut
483 2899 563 2968 suam
584 2947 595 2980 ,
624 2905 703 2985 qood
737 2902 766 2966 in
788 2904 874 2964 simili
893 2901 928 2962 de
966 2898 1060 2978 potest
1080 2895 1183 2979 absque
1204 2899 1323 2968 licentia
1344 2901 1479 2968 Praelari:
1501 2907 1569 2972 Hoc
1588 2923 1685 2974 autem
1704 2906 1765 2971 du··

44 2995 53 3006 ”
136 2982 289 3056 &umento
310 2982 432 3066 expresse
450 3004 554 3066 negare
573 2982 686 3048 viderur
701 2982 874 3050 Jusiinianus
896 2978 926 3039 in
967 2977 1174 3053 runuiderur,
1196 2980 1480 3067 &contraptarim,
1502 2986 1652 3051 acseusum
1674 3005 1756 3052 com·

134 3066 193 3148 cit.
216 3064 390 3149 §.Qucdſs
401 3066 591 3142 frumentum,
614 3061 735 3135 lustriae.
754 3058 789 3119 de
808 3082 860 3121 rer.
881 3057 935 3124 di,
968 3078 1109 3124 muntem:
1131 3081 1219 3126 nemo
1239 3063 1319 3125 enim
1341 3081 1450 3146 putat,
1472 3064 1499 3129 se
1520 3068 1612 3148 tnagis
1631 3067 1758 3147 indigere

133 3146 196 3224 anfi
215 3145 299 3207 Hinc
321 3163 379 3208 non
400 3161 503 3225 parum
521 3142 654 3212 laborant
675 3136 816 3212 Doilores
832 3140 863 3204 in
885 3137 927 3204 as·
968 3139 1090 3206 licentia
1110 3140 1147 3206 ad
1166 3141 1382 3212 custodiendam
1401 3143 1482 3208 illam
1502 3147 1654 3230 pecuniam
1671 3146 1757 3216 fimul
1821 3169 1827 3184 ·

132 3225 272 3322 signanda
291 3220 486 3307 disparitate,
518 3224 549 3286 δι
570 3222 704 3299 ratione,
734 3242 823 3305 quare
843 3244 925 3307 pecu·
968 3237 1037 3298 cum
1055 3221 1123 3298 sua,
1143 3240 1233 3305 quam
1255 3223 1291 3287 ad
1310 3225 1521 3298 custodiendam
1543 3229 1572 3291 iu
1595 3231 1659 3292 loco
1678 3228 1755 3309 sepa·

134 3326 215 3380 nra,
244 3306 335 3380 etiam
355 3302 474 3385 inscio,
505 3306 553 3373 vel
574 3304 671 3372 invito
693 3304 826 3372 Domino
847 3327 927 3371 com·
969 3319 1063 3379 rato,
1093 3302 1145 3367 ade
1186 3326 1220 3370 ue
1249 3325 1307 3368 non
1328 3307 1422 3399 perdit
1443 3311 1578 3390 antiquus
1608 3309 1755 3372 Dominus

132 3385 264 3462 mixta,
286 3385 409 3453 transeat
430 3389 461 3450 in
483 3387 644 3452 Dominum
675 3387 844 3470 accipientis
866 3387 928 3471 poll
971 3384 1145 3449 Dominium
1180 3405 1219 3448 ue
1238 3404 1383 3468 pecuare,
1406 3407 1441 3452 eo
1460 3389 1522 3472 ipso
1541 3391 1620 3472 quod
1640 3391 1676 3452 ab
1695 3389 1757 3452 alio

135 3468 403 3546 commixtionem,
425 3470 456 3534 dc
476 3487 535 3533 non
556 3470 593 3533 fic
611 3485 700 3550 grana
718 3467 875 3545 frumenti,
898 3469 928 3531 dr
969 3488 1035 3532 cum
1058 3464 1106 3530 sua
1125 3463 1334 3541 admisceatur,
1353 3482 1386 3534 ut
1405 3468 1480 3532 reile
1497 3471 1584 3552 Lugo
1605 3472 1655 3534 loe.
1678 3493 1702 3533 e.
1724 3496 1754 3533 n.

135 3546 202 3613 alia
220 3547 365 3616 mixtilia.
388 3551 588 3633 Congruentia
608 3567 706 3616 tamen
736 3550 787 3620 elle
808 3551 929 3634 potest,
974 3560 1042 3619 162,
1064 3547 1128 3612 Nec
1157 3544 1331 3616 contradicit
1357 3550 1424 3618 cal.
1446 3554 1479 3613 sa*
1506 3552 1591 3616 aliem
1621 3554 1757 3626 nummi,

135 3628 214 3713 quia
233 3632 323 3704 maius
343 3631 506 3728 periculum
525 3632 562 3696 ell
575 3633 606 3695 in
623 3633 770 3708 nummis,
792 3635 843 3713 qui
865 3629 932 3695 sunt
971 3630 1041 3712 quia
1061 3647 1092 3694 ut
1112 3627 1244 3696 observat
1274 3632 1377 3714 Sporct
1403 3633 1424 3695 Ι.
1446 3654 1471 3695 c.
1492 3637 1605 3710 n.146.
1628 3632 1765 3720 loquitur-

116 3710 176 3774 -in
195 3711 372 3794 quotidianis
390 3713 604 3792 commerciis,
634 3713 708 3779 unde
737 3713 836 3780 multae
856 3710 929 3776 didi·
971 3709 1088 3774 iu-casu
1108 3713 1223 3808 Regula
1244 3712 1414 3777 immediate
1432 3711 1594 3796 sequentia.

135 3791 566 3878 cultatecrernipoffenr,1fi
595 3815 693 3862 eorum
723 3794 930 3871 Dominium,
1011 3792 1137 3866 Secunda
1158 3793 1248 3873 tgitur
1278 3793 1389 3876 Regula
1410 3795 1477 3872 esl,
1508 3796 1587 3877 quod
1605 3793 1666 3877 qui
1695 3815 1755 3860 rem
1775 3796 1816 3861 81

138 3872 262 3956 quando
284 3872 455 3954 miscentur,
477 3895 605 3946 muneret
616 3877 658 3941 ita
667 3878 827 3944 incertum.
849 3877 930 3940 Tum
972 3873 1095 3939 alienam
1117 3918 1127 3950 ,
1150 3872 1196 3939 seu
1216 3874 1368 3968 pecuniam
1390 3920 1400 3953 ,
1420 3874 1467 3941 seu
1487 3874 1687 3950 srumentum,
1710 3873 1758 3939 seu

135 3953 214 4035 quia
233 3955 350 4032 numqui
378 3977 397 4020 a
423 3959 539 4041 publica
564 3958 751 4024 aessimatione
778 3958 858 4022 suum
880 3956 930 4020 ha·
971 3954 1051 4019 aliud
1069 3953 1139 4037 quid
1162 3954 1253 4022 fimrle
1273 3955 1388 4020 miscuit
1402 3959 1441 4022 rei
1464 3955 1516 4023 soa
1530 3956 1761 4036 maioris-quan·

136 4033 396 4114 bentualorem,
428 4055 512 4122 atque
531 4039 627 4104 statim
650 4061 684 4104 ac
705 4040 929 4123 expenduntur,
972 4034 1087 4113 titatis,
1110 4037 1215 4100 habens
1234 4037 1410 4122 expressam,
1429 4038 1476 4106 vel
1508 4038 1681 4120 implicitam
1704 4034 1756 4098 sal·
1816 4065 1819 4076 ·

138 4114 175 4179 δι
203 4115 432 4183 commiscentur
458 4164 467 4194 ,
508 4120 709 4206 intelliguntur
737 4117 931 4205 consumpti,
974 4135 1035 4183 tem
1057 4116 1238 4182 voluntatem
1269 4119 1435 4202 acquirendi
1465 4119 1637 4184 Dominium
1667 4120 1761 4185 totius

138 4195 214 4279 quia
233 4214 266 4261 ut
287 4198 360 4270 dicit
382 4196 483 4264 Glossa
502 4205 532 4265 in
558 4206 638 4266 cirac.
659 4204 679 4264 l.
700 4204 733 4265 52⁴
751 4203 835 4264 alieni
855 4224 932 4263 num·
973 4197 1103 4273 cumuli,
1127 4219 1156 4262 re
1178 4198 1238 4294 ipsa
1257 4200 1382 4282 acquirit
1404 4201 1575 4266 Dominium
1597 4198 1688 4266 totius
1709 4222 1758 4265 cu·

137 4282 204 4356 mi,
226 4299 328 4343 eorum
348 4278 460 4347 mittio
479 4279 566 4348 habet
588 4284 650 4349 vim
671 4281 788 4346 consum
812 4282 932 4350 monier
973 4280 1066 4353 muli,
1089 4278 1107 4339 fi
1128 4281 1549 4365 nimirumpartescommittae
1571 4280 1696 4377 amplius
1716 4279 1758 4341 di·
1821 4283 1825 4288 ’

140 4379 206 4421 mon
227 4361 263 4424 fic
284 4379 382 4427 aurem
412 4361 449 4427 de
516 4364 580 4428 anis
610 4362 747 4429 frumenti
777 4302 842 4427 aiiis
871 4381 932 4446 per·
973 4359 1063 4424 scerni
1085 4379 1245 4441 nequeant,
1290 4379 1354 4427 rour
1375 4361 1485 4446 semper
1506 4362 1694 4460 supponitur,
1716 4360 1758 4422 Et

142 4438 266 4517 mittis,
288 4444 320 4505 dr
340 4441 505 4517 hujusmoi
537 4443 720 4516 mixtilibus3
749 4444 781 4508 dr
801 4444 837 4507 fic
856 4458 935 4507 tenet
976 4441 1007 4504 in
1030 4440 1086 4502 boc
1107 4436 1185 4506 sensu
1205 4382 1390 4524 inteiligenda
1410 4446 1441 4507 bc
1459 4444 1624 4530 accipienda
1644 4441 1682 4502 eil
1703 4439 1757 4501 nl.

143 4537 206 4583 uua
223 4520 384 4590 Dodmuru
406 4522 571 4591 sententia.
975 4526 1007 4586 si
1027 4522 1113 4585 alieni
1132 4527 1259 4600 nummi,
1278 4545 1341 4606 qua
1361 4527 1422 4589 Lex
1442 4525 1642 4606 dicitquidem
1651 4517 1759 4601 perad·
1805 4592 1814 4600 ,

52 4617 118 4687 ‘79
188 4599 263 4695 Alia
281 4625 377 4676 autem
388 4604 550 4678 Doslorum
572 4603 713 4675 sententia
732 4604 936 4685 communior,
977 4603 1154 4672 mixtionem
1175 4625 1243 4672 cum
1264 4603 1312 4672 sua
1330 4606 1452 4750 pecppia
1472 4605 1533 4672 fieri
1562 4603 1650 4670 etiam
1682 4600 1761 4669 suam

1453 4707 1474 4767 4
1644 4704 1727 4770 pecu·
