4075 5275
572 128 1350 244 DUELLUM,A1i'r.11.
1621 145 1704 259 183

152 268 182 322 η
197 254 352 337 corporum
381 255 508 341 morte,
538 244 704 309 animarum
726 242 817 308 etiam
848 243 930 311 smul
1010 248 1040 342 §5
1065 269 1092 329 3.
1114 250 1193 325 Quas
1201 269 1311 391 purius
1330 246 1483 317 novissime
1502 249 1557 336 pire
1578 273 1667 322 meni.
1684 262 1758 328 Gre-
1816 233 1842 264 .,

151 336 298 406 interitus,
318 350 353 393 ac
372 344 515 413 pernicies
533 321 691 408 sequetur.
743 406 751 420 ι
971 346 1070 412 gorius
1097 329 1178 411 Pipa
1231 332 1290 393 ΙΙΙ.
1322 334 1429 416 pariter
1457 333 1635 419 predecessor
1662 342 1757 407 nollet·

186 419 216 496 ς.
241 436 267 478 1.
290 410 379 476 Reiie
398 406 537 491 squidem
557 451 566 483 ,
597 407 630 470 &
649 405 797 473 salubriter
817 404 869 473 sel.
890 427 932 471 re·
972 407 1100 473 extendit
1121 409 1253 475 adversus
1273 411 1341 477 illos
1359 417 1450 481 etiam
1469 436 1600 494 omnes,
1621 419 1673 501 qui
1693 442 1756 486 non

152 496 226 562 cord.
247 493 317 558 Pius
338 492 417 576 Papa
439 486 497 551 tv.
520 485 702 551 Pradecessor
721 488 838 563 noller,
870 487 933 572 post
973 487 1114 573 publice,
1143 489 1190 553 sed
1219 491 1360 574 privatim
1388 517 1423 560 ex
1456 496 1615 572 condielo,
1645 498 1757 566 statuto

153 577 222 642 dios
239 595 306 640 corn
329 572 403 636 liures
423 567 505 644 suos,
527 566 689 649 nostrosque
702 565 929 648 predecessores,
970 585 1130 652 tempore,
1151 571 1182 635 δι
1203 571 1233 632 iii
1254 571 1322 635 loco
1341 594 1487 642 convento
1508 578 1756 646 Monomachiam

73 682 76 689 ·
154 659 202 742 qui
230 656 279 721 det
319 652 427 716 andum
448 648 585 722 Divina,
615 647 795 789 naturalique
826 649 930 730 Lege,
970 651 1202 726 commisissent,
1231 652 1320 715 etiem
1343 654 1495 734 Petrinis,
1527 656 1665 740 sociisque
1694 682 1756 726 non

154 760 187 802 ac
198 738 291 803 Sacris
299 732 467 798 Canonibus
485 729 653 792 damnmum
670 727 743 792 Duel
755 746 841 794 orum
862 729 931 791 abu·
971 730 1107 804 vocatis,
1128 732 1158 794 &
1172 730 1230 794 loci
1251 729 1400 801 securitate
1420 757 1479 801 non
1498 738 1616 816 habita,
1636 741 1668 803 ἃ
1687 760 1756 825 pro·

155 818 243 895 sum,
273 814 329 878 suis
348 812 438 877 etiam
459 808 721 874 Constitutionibus
749 807 845 875 severe
865 828 932 892 pro·
972 811 1132 875 vocatoriis
1163 811 1268 874 litteris
1296 816 1416 880 nomine
1436 818 1682 900 precedentibus,
1712 840 1755 888 et·

152 900 333 970 lribuerant,
365 890 523 1035 pravpsque
539 909 638 972 pretias
657 907 761 954 contra
779 887 931 986 quoscum·
974 891 1034 986 iam
1049 910 1162 987 contra
1172 891 1303 955 locorum
1318 894 1481 992 Dominus,
1503 896 1566 962 fiid
1589 902 1756 979 (quantum

154 970 577 1128 ssemidssffrsubjedssssneljuss
596 967 933 1133 §imisiffcsidsoarisisdovlil
973 970 1311 1135 sspiedissssnciissssss
1323 975 1565 1134 propilpsbptssgpta
1587 982 1759 1156 ectittsspsrisltlb

154 1141 203 1204 bet
224 1159 311 1208 reos,
341 1135 387 1197 vel
410 1131 565 1216 participes
596 1132 788 1208 inflixerant,
818 1132 934 1216 cupiens
975 1132 1167 1208 seslatotes,
1189 1135 1302 1196 etiamsi
1321 1156 1360 1218 pu
1402 1158 1448 1200 aro
1471 1137 1510 1203 ob
1528 1137 1645 1221 aliquod
1666 1162 1758 1227 impe-

152 1240 213 1286 uon
235 1216 326 1281 solnm
347 1212 377 1276 in
398 1210 482 1276 terris
524 1209 669 1289 redieris,
693 1212 738 1277 sed
759 1211 830 1275 alias
849 1211 933 1275 ubili·
974 1152 1139 1277 ‹smentum
1160 1232 1219 1276 non
1239 1217 1351 1277 commi
1374 1217 1471 1293 ssent,
1501 1219 1574 1282 stad
1596 1219 1692 1285 locum
1714 1245 1760 1291 ac.

154 1301 204 1364 bet
224 1298 383 1360 animarum
404 1292 482 1378 peric
515 1293 539 1353 is
550 1292 687 1366 obviare,
712 1292 878 1375 Principes,
901 1310 934 1353 ac
975 1292 1112 1358 cessissent
1133 1294 1317 1378 pugnaturi,
1346 1295 1380 1358 ἃ
1399 1317 1450 1379 per
1469 1319 1518 1362 eos
1538 1318 1597 1364 non
1616 1301 1758 1385 stetisset,

155 1375 333 1471 Domicellos
364 1375 566 1469 permittentes
595 1372 627 1437 in
657 1372 712 1437 suis
733 1371 883 1437 Dominiis
906 1370 935 1466 ld
974 1373 1132 1457 quominus
1153 1393 1337 1471 pugnarent.
1637 1460 1647 1479 4

152 1471 455 1604 assessus?
477 1452 935 1612 ttiitni‘,“tmi0ii⁶sssft
976 1457 1106 1600 minii
1120 1455 1536 1613 listslltsl'lilm‘
1555 1467 1761 1640 sitistis:

152 1619 209 1695 la,
231 1615 279 1681 seu
300 1616 453 1698 singularia
471 1616 653 1692 certamina,
676 1615 868 1681 diffidationes
888 1612 934 1677 de·
1011 1616 1133 1682 assirim
1154 1615 1389 1702 Transalpinis:
1410 1640 1442 1682 ac
1472 1624 1593 1687 remotis
1623 1625 1666 1689 Re
1687 1627 1761 1691 ioiii·

152 1699 236 1783 super
254 1696 417 1775 facientes,
448 1719 481 1762 ac
501 1696 538 1760 ad
559 1697 588 1759 id
610 1697 799 1774 invitantes,
830 1714 935 1780 provo·
998 1719 1048 1773 us,
1069 1698 1100 1759 &
1119 1697 1298 1781 potissimum
1321 1700 1370 1763 ubi
1393 1699 1469 1766 bellu
1488 1703 1612 1785 vigent,
1633 1649 1762 1771 salient

150 1799 281 1857 cantes,
309 1778 482 1856 ancilium,
519 1778 699 1855 confilium,
727 1777 775 1843 vel
805 1775 936 1842 savorem
1000 1778 1128 1853 uadem,
1159 1776 1190 1840 ἃ
1210 1779 1333 1843 militari
1354 1780 1498 1859 licentia,
1529 1782 1576 1849 seu
1595 1786 1691 1851 verius
1709 1807 1760 1856 au·

111 1932 118 1946 ⁶
151 1863 276 1937 dentes,
298 1858 411 1941 illisque
432 1863 580 1933 atlantes,
602 1860 634 1923 δι
654 1859 861 1932 interessentes,
884 1876 935 1921 nec
977 1800 1077 1934 sacia,
1099 1858 1290 1943 perniciosum
1311 1862 1367 1925 stoc
1387 1861 1475 1927 scelus
1494 1862 1692 1931 interfidetes
1712 1890 1761 1933 es·

151 1965 214 2010 noti
234 1942 349 2013 chartas
368 1938 485 2036 desuper
505 1938 709 2006 subscribentes
729 1986 739 2019 ,
769 1958 820 2004 aut
842 1937 935 2021 publi·
979 1941 1094 2013 erceri,
1116 1959 1188 2020 quas
1207 1940 1248 2004 fus
1268 1942 1301 2005 sir
1323 1941 1352 2002 iii
1375 1941 1436 2007 solo
1455 1944 1552 2008 hoslili
1572 1991 1583 2020 ,
1602 1947 1652 2010 ubi
1672 1948 1760 2013 Chri·

153 2043 278 2100 catttes,
308 2020 355 2085 seu
374 2021 410 2085 de
429 2020 489 2083 illis
509 2019 535 2085 se
556 2021 814 2098 intromittentes,
845 2019 936 2101 singu·
979 2022 1062 2088 sliaiii
1084 2020 1231 2097 nominis,
1252 2019 1299 2087 seu
1318 2023 1477 2089 Catholicis
1496 2025 1579 2090 Fidei
1602 2025 1692 2092 holles
1713 2047 1760 2112 ty·

152 2107 218 2183 los,
242 2107 448 2187 imperatore,
470 2123 504 2165 ac
526 2100 653 2184 Regibus
675 2102 824 2166 inferiores
845 2102 936 2173 maio·
978 2101 1129 2165 rannidein
1150 2119 1311 2175 exercent3
1340 2103 1388 2169 seu
1407 2104 1549 2184 hareses,
1569 2108 1600 2170 &
1620 2108 1761 2174 Schisma·

152 2188 195 2251 ris
223 2183 561 2259 excommunicationis,
597 2204 631 2248 sc
662 2184 720 2265 (si
751 2179 938 2247 Ecclesiastici
978 2202 1011 2248 ta
1032 2184 1152 2278 impune
1171 2182 1346 2264 grassantur,
1366 2186 1422 2249 sive
1442 2186 1519 2253 inter
1539 2187 1635 2269 signa,
1656 2189 1687 2252 &
1704 2190 1763 2256 Ca·

154 2268 287 2343 suerint)
310 2265 386 2328 ultra
398 2288 481 2339 eam,
503 2265 592 2329 etiem
606 2264 782 2348 privationis
801 2261 938 2327 omnium
977 2267 1034 2328 sira
1047 2265 1204 2340 militarie,
1228 2265 1257 2326 in
1273 2283 1360 2350 caput
1383 2266 1495 2331 suorum
1509 2267 1630 2333 srattum
1652 2269 1762 2354 impios

153 2347 365 2427 Dignitatum,
388 2345 615 2418 Beneficiorum,
635 2346 667 2408 ἃ
685 2343 858 2407 officiorum
882 2344 938 2405 Ec·
978 2360 1147 2410 conuertere
1177 2367 1355 2422 mucrones,
1393 2348 1471 2426 quod
1501 2348 1596 2412 multo
1626 2348 1763 2417 salubrius

155 2428 394 2504 cleliaslicorum,
416 2424 661 2507 inuenitiiaiitqiie
680 2427 717 2488 ad
739 2423 807 2498 illa,
829 2423 861 2486 δι
881 2423 941 2486 alia
979 2441 1082 2492 contra
1109 2426 1266 2490 Christiani
1296 2426 1424 2491 nominis
1460 2427 1633 2493 adversarios
1663 2431 1762 2513 stringi

159 2509 192 2572 in
213 2510 358 2595 posterum
379 2507 560 2584 obtinenda,
582 2506 677 2592 poenis
698 2505 861 2580 subiacere,
880 2501 938 2568 eus·
1002 2529 1046 2571 sis
1067 2506 1131 2573 eslet
1154 2529 1163 2577 t
1194 2512 1261 2572 Nos
1283 2508 1390 2573 nefaria
1411 2506 1530 2573 Diaboli
1551 2529 1631 2571 arma
1650 2509 1764 2574 salutari

157 2609 215 2672 que
238 2589 379 2655 incurrere
400 2588 518 2664 voluit,
548 2587 689 2669 aquibus
708 2585 822 2653 nonnis
842 2607 861 2650 a
879 2586 939 2650 Ro·
980 2530 1114 2654 {eclesiis
1134 2587 1232 2670 gladio
1253 2590 1289 2652 ad
1310 2586 1498 2653 continendos
1526 2589 1558 2651 in
1577 2588 1679 2655 officio
1697 2591 1765 2658 fide·

73 2737 78 2748 ,
153 2691 247 2735 mano
269 2671 409 2736 Pontifice
429 2668 538 2734 absolvi
560 2667 686 2754 possut.
982 2673 1024 2734 les
1053 2669 1137 2733 nobis
1152 2669 1307 2750 'precipue
1336 2668 1421 2748 ipsus
1441 2667 1563 2730 Domini
1593 2671 1765 2739 austoritats

195 2754 227 2831 §.
250 2771 279 2815 e.
301 2753 354 2816 Sed
376 2754 407 2815 δι
427 2750 611 2835 postmodum
632 2751 774 2832 generalis
791 2747 941 2815 Tridenti·
981 2750 1092 2815 tradito
1121 2747 1288 2821 retundere,
1320 2763 1406 2826 atque
1427 2768 1452 2821 ,a
1482 2747 1642 2813 cervicibus
1671 2754 1765 2835 gregis

155 2833 338 2913 naSvnedus
357 2835 392 2895 ad
413 2831 661 2896 exterminandum
675 2836 792 2918 penitus
810 2854 843 2896 ex
856 2828 942 2894 Cliti·
982 2826 1104 2890 Domini
1124 2826 1221 2887 nostra
1243 2843 1316 2888 cutae
1336 2824 1457 2902 crediti,
1475 2847 1616 2909 quantum
1639 2833 1653 2906 s
1663 2835 1764 2897 eodem

157 2913 252 2976 tlieiio
261 2913 341 2976 Orbe
362 2914 418 2976 lioc
438 2913 547 2975 malunt
569 2914 686 2991 siatuit,
706 2932 738 2978 ut
759 2914 938 2992 Imperator,
979 2908 1043 2968 Deo
1065 2904 1224 2984 adiutore)
1245 2905 1318 2969 eniti
1339 2906 1511 2988 possumus,
1532 2910 1694 2992 propulsare
1715 2937 1763 2979 co·

154 2995 284 3073 Reges,
304 2993 476 3074 Principes,
497 2995 713 3066 Marchiones,
735 2990 884 3058 Comites,
906 2983 938 3045 ἃ
976 2986 1118 3072 pientes,
1148 2986 1294 3069 praesidius
1324 3007 1425 3051 omnes
1444 2989 1700 3069 constitutiones,
1730 3016 1765 3060 ac

154 3092 342 3153 quocumque
361 3074 421 3137 alio
452 3075 572 3135 nomine
592 3072 715 3135 Domini
735 3065 936 3149 temporales,
979 3069 1126 3132 decretum
1156 3066 1286 3131 Consilii
1305 3067 1471 3131 Tridentini
1501 3089 1569 3132 curn
1597 3073 1764 3151 omnibus,

152 3151 207 3231 qui
229 3150 325 3212 locum
347 3151 641 3214 adMonomaclriam
663 3148 695 3211 in
716 3146 800 3211 tertis
819 3146 876 3210 suis
897 3145 939 3207 in·
960 3151 1012 3220 ,ἃ
1033 3147 1148 3245 fingulis
1170 3147 1199 3209 iit
1221 3148 1262 3211 eis
1281 3147 1426 3213 contentis
1445 3148 1599 3226 Censoris,
1620 3153 1651 3215 dt
1672 3153 1768 3235 poeuis

151 3245 199 3294 ter
219 3230 398 3295 Christianos
425 3229 635 3308 concesserint,
670 3250 706 3295 eo
726 3227 788 3314 ipso
818 3229 872 3291 sint
894 3246 940 3290 ex·
981 3228 1128 3305 decretis,
1149 3248 1183 3292 ac
1203 3227 1442 3302 estenfionibus5
1469 3249 1591 3309 quarum
1612 3277 1621 3306 ,
1643 3235 1673 3297 ἃ
1693 3254 1765 3317 quo·

152 3309 386 3388 commimicati,
408 3333 442 3374 ac
464 3310 673 3388 iurisdislione,
695 3309 873 3375 &dominio
886 3306 936 3372 ci·
977 3331 1043 3376 rum
1064 3310 1199 3374 omnium
1219 3327 1335 3374 tenores
1353 3306 1533 3392 presentibus
1562 3312 1659 3375 baberi
1680 3312 1764 3377 volu-

153 3391 288 3464 vitatis,
308 3391 400 3454 Casiri
422 3437 432 3467 ,
452 3409 503 3458 eut
526 3391 611 3467 loci,
633 3393 771 3474 inquo,
793 3389 841 3456 vel
861 3410 879 3454 a
900 3387 938 3453 ud
978 3413 1044 3457 mus
1066 3410 1119 3475 pro
1139 3388 1292 3472 expreffis,
1311 3389 1343 3452 ἃ
1363 3389 1538 3454 adverbum
1560 3391 1690 3468 insertis,
1713 3414 1763 3456 au·

155 3490 245 3554 quem
268 3472 405 3537 Duellmn
426 3471 489 3536 fieri
509 3470 711 3553 permiserint,
731 3471 810 3555 quod
830 3472 867 3535 ab
881 3411 937 3533 bc·
979 3472 1113 3536 sturitate
1127 3470 1299 3552 Apostolica
1313 3486 1415 3534 tenore
1429 3469 1608 3554 presentium
1624 3490 1765 3556 perpetuu

156 3552 242 3615 cleiis
269 3554 437 3626 obtinent,
470 3552 580 3633 privati
608 3552 836 3636 intelligantur,
866 3550 940 3616 &si
982 3552 1197 3644 approbamus,
1217 3550 1249 3613 se
1268 3547 1495 3626 confirmamus,
1516 3551 1547 3614 ἃ
1567 3552 1763 3630 innovamus.

156 3631 299 3697 fundura
311 3635 382 3709 sint,
404 3633 663 3697 dneuisoominis
682 3633 940 3716 ilariiiiacqsirsn·
1021 3637 1053 3711 §.
1077 3654 1104 3715 5.
1118 3633 1168 3695 Ac
1188 3628 1303 3712 insuper
1322 3631 1510 3706 auiioiitste,
1532 3632 1672 3697 &tenore
1686 3654 1764 3775 prce

153 3730 210 3778 tur
229 3752 243 3776 «
269 3713 328 3789 Qui
348 3735 419 3809 vero
439 3735 564 3798 pugium
587 3714 790 3812 commiserint
809 3759 818 3791 ,
839 3717 870 3778 bt
888 3711 941 3810 qui
982 3713 1072 3811 missis
1090 3711 1285 3785 decernimus,
1308 3710 1340 3773 &
1359 3710 1536 3773 decimus
1555 3712 1665 3776 easdem
1712 3734 1764 3807 on·

152 3815 261 3892 eorupi
283 3796 395 3858 Patrini
415 3809 577 3870 vocantur,
598 3813 939 3892 excommunicationis,
981 3801 1173 3890 strutiones,
1205 3814 1238 3856 ac
1258 3791 1431 3867 decimum,
1461 3789 1557 3885 speum
1579 3791 1683 3857 habere
1702 3794 1765 3856 ubi·

152 3897 293 3942 oninium
324 3876 465 3972 bonorum
495 3875 619 3973 suorum·
643 3877 871 3962 proscriptioni,
910 3876 942 3938 ἃ
980 3900 1039 3962 que
1057 3893 1189 3958 gentium
1206 3917 1218 3968 3
1238 3873 1270 3938 δι
1289 3888 1427 3937 terrarum
1446 3915 1456 3949 ,
1478 3887 1555 3967 inter
1572 3871 1765 4012 quascumque

153 3975 304 4114 sisi?
325 3955 942 4133 {lisuitumllsslsntuisisff
982 3955 1439 4126 insistens‘uinssstti‘
1455 3954 1547 4129 iii
1564 3954 1767 4128 issisti

155 4120 202 4184 Et
222 4121 248 4183 si·
274 4120 304 4181 iii
326 4117 389 4202 ipso
418 4117 554 4214 cunflidlu
583 4120 747 4213 decesserint
763 4161 773 4195 ,
791 4135 944 4214 'perpetuo
985 4141 1069 4195 ruiti,
1091 4117 1160 4215 dis.
1175 4118 1214 4180 R.
1231 4118 1268 4180 E.
1290 4132 1340 4180 aut
1359 4114 1524 4256 Carsiolipze
1537 4114 1618 4210 Fidei
1640 4112 1767 4179 hoslium

156 4198 665 4363 mnlstl‘slssnllst
686 4199 747 4355 ll
760 4217 944 4373 &suisti
985 4197 1461 4372 &uetustissimi
1480 4213 1769 4370 insiliisse&

154 4363 206 4427 eto
227 4362 359 4427 dederint
386 4399 403 4440 ,i
427 4377 478 4427 sur
498 4362 558 4428 alia
577 4381 759 4445 quacumque
777 4377 890 4425 ratione
909 4358 946 4450 ad
987 4359 1104 4455 sendum
1124 4359 1203 4455 esse,
1225 4360 1245 4421 fi
1265 4357 1381 4453 publico
1400 4400 1410 4432 ,
1431 4354 1463 4417 u
1483 4354 1576 4451 soisan
1597 4356 1669 4428 iulio
1690 4350 1768 4446 belle

154 4444 191 4505 id
209 4465 385 4526 quemquam
398 4443 562 4540 senserint,
586 4465 639 4508 nec
661 4464 720 4506 noti
740 4441 943 4537 Spesmtores,
988 4441 1097 4506 iudidio
1116 4481 1127 4518 ,
1147 4439 1243 4535 ‘miles‘
1259 4438 1364 4535 aquuis
1394 4435 1566 4532 alterumuin
1596 4430 1768 4529 adversario·

159 4526 495 4605 excommunicationis,
517 4528 550 4594 ὰ
568 4543 714 4614 perpetuae
733 4522 944 4591 nitidissimis
984 4540 1051 4587 rum
1064 4537 1191 4587 exercitu
1204 4519 1404 4593 militantem,
1424 4517 1481 4581 five
1495 4517 1566 4581 alias
1579 4516 1702 4578 hostium
1712 4511 1769 4576 Ca·

158 4604 282 4674 vinculo
302 4624 475 4680 teneantur·
679 4688 688 4697 ,
991 4605 1072 4686 iliis,
1091 4601 1224 4689 presidiis
1242 4641 1255 4681 ‚
1272 4617 1324 4670 aut
1344 4596 1621 4757 ilprpispegentem,
1639 4594 1772 4739 mm
