<?xml version="1.0" encoding="UTF-8"?>
<!DOCTYPE html PUBLIC "-//W3C//DTD XHTML 1.0 Transitional//EN"
    "http://www.w3.org/TR/xhtml1/DTD/xhtml1-transitional.dtd">
<html xmlns="http://www.w3.org/1999/xhtml" xml:lang="en" lang="en">
 <head>
  <title>
</title>
<meta http-equiv="Content-Type" content="text/html;charset=utf-8" />
  <meta name='ocr-system' content='tesseract 3.04.00' />
  <meta name='ocr-capabilities' content='ocr_page ocr_carea ocr_par ocr_line ocrx_word'/>
</head>
<body>
  <div class='ocr_page' id='page_1' title='image "./admrevpfluciife09ferrgoog/admrevpfluciife09ferrgoog_0197.png"; bbox 0 0 4075 5275; ppageno 0'>
   <div class='ocr_carea' id='block_1_1' title="bbox 549 70 1712 229">
    <p class='ocr_par' dir='ltr' id='par_1_1' title="bbox 549 70 1712 229">
     <span class='ocr_line' id='line_1_1' title="bbox 549 70 1712 229; baseline 0.019 -50"><span class='ocrx_word' id='word_1_1' title='bbox 549 90 663 180; x_wconf 84' lang='lat' dir='ltr'><em>no</em></span> <span class='ocrx_word' id='word_1_2' title='bbox 693 96 731 183; x_wconf 79' lang='grc' dir='ltr'><em>υ</em></span> <span class='ocrx_word' id='word_1_3' title='bbox 762 84 936 187; x_wconf 75' lang='lat' dir='ltr'><em>itu</em></span> <span class='ocrx_word' id='word_1_4' title='bbox 965 100 1048 207; x_wconf 88' lang='lat' dir='ltr'><em>M,</em></span> <span class='ocrx_word' id='word_1_5' title='bbox 1127 70 1373 192; x_wconf 61' lang='grc' dir='ltr'><em>υυυξυυ,</em></span> <span class='ocrx_word' id='word_1_6' title='bbox 1626 112 1712 229; x_wconf 64' lang='lat' dir='ltr'><em>ri,</em></span> 
     </span>
    </p>
   </div>
   <div class='ocr_carea' id='block_1_2' title="bbox 91 202 1763 392">
    <p class='ocr_par' dir='ltr' id='par_1_2' title="bbox 91 202 1763 392">
     <span class='ocr_line' id='line_1_2' title="bbox 91 202 1763 317; baseline 0.011 -46"><span class='ocrx_word' id='word_1_7' title='bbox 91 245 126 291; x_wconf 63' lang='grc' dir='ltr'>η</span> <span class='ocrx_word' id='word_1_8' title='bbox 148 212 302 288; x_wconf 56' lang='lat' dir='ltr'><em>miror</em></span> <span class='ocrx_word' id='word_1_9' title='bbox 324 202 452 299; x_wconf 68' lang='lat' dir='ltr'><em>pomam</em></span> <span class='ocrx_word' id='word_1_10' title='bbox 473 204 625 272; x_wconf 83' lang='lat' dir='ltr'><em>conserunt</em></span> <span class='ocrx_word' id='word_1_11' title='bbox 651 208 836 304; x_wconf 30' lang='lat' dir='ltr'><em>..s-inimo,</em></span> <span class='ocrx_word' id='word_1_12' title='bbox 856 210 936 305; x_wconf 30' lang='lat' dir='ltr'><em>‘illas</em></span> <span class='ocrx_word' id='word_1_13' title='bbox 974 217 1039 305; x_wconf 62' lang='lat' dir='ltr'><em>iac.</em></span> <span class='ocrx_word' id='word_1_14' title='bbox 1061 216 1149 297; x_wconf 80' lang='lat' dir='ltr'><em>Cong.</em></span> <span class='ocrx_word' id='word_1_15' title='bbox 1180 221 1268 283; x_wconf 79' lang='lat' dir='ltr'><em>cine.</em></span> <span class='ocrx_word' id='word_1_16' title='bbox 1299 223 1331 283; x_wconf 82' lang='lat' dir='ltr'><em>in</em></span> <span class='ocrx_word' id='word_1_17' title='bbox 1362 215 1485 286; x_wconf 76' lang='lat' dir='ltr'><em>cala.</em></span> <span class='ocrx_word' id='word_1_18' title='bbox 1503 237 1551 284; x_wconf 85' lang='lat' dir='ltr'><em>it.</em></span> <span class='ocrx_word' id='word_1_19' title='bbox 1581 229 1657 311; x_wconf 72' lang='lat' dir='ltr'><em>areg.</em></span> <span class='ocrx_word' id='word_1_20' title='bbox 1675 234 1763 317; x_wconf 80' lang='lat'><strong>¹⁶37·</strong></span> 
     </span>
     <span class='ocr_line' id='line_1_3' title="bbox 143 287 1345 392; baseline -0.002 -33"><span class='ocrx_word' id='word_1_21' title='bbox 143 321 246 392; x_wconf 67' lang='lat' dir='ltr'><em>panas</em></span> <span class='ocrx_word' id='word_1_22' title='bbox 264 307 417 361; x_wconf 87' lang='lat' dir='ltr'><em>mcurruot</em></span> <span class='ocrx_word' id='word_1_23' title='bbox 437 289 570 355; x_wconf 87' lang='lat' dir='ltr'><em>locorum</em></span> <span class='ocrx_word' id='word_1_24' title='bbox 591 287 715 354; x_wconf 82' lang='lat' dir='ltr'><em>Donum</em></span> <span class='ocrx_word' id='word_1_25' title='bbox 735 335 747 367; x_wconf 92' lang='lat'><em>,</em></span> <span class='ocrx_word' id='word_1_26' title='bbox 778 290 933 375; x_wconf 70' lang='lat' dir='ltr'><em>Magistra</em></span> <span class='ocrx_word' id='word_1_27' title='bbox 972 290 1025 355; x_wconf 83' lang='lat' dir='ltr'><em>lib.</em></span> <span class='ocrx_word' id='word_1_28' title='bbox 1043 314 1071 373; x_wconf 86' lang='lat'><em>5.</em></span> <span class='ocrx_word' id='word_1_29' title='bbox 1092 292 1190 356; x_wconf 67' lang='lat' dir='ltr'><em>meter.</em></span> <span class='ocrx_word' id='word_1_30' title='bbox 1204 299 1260 377; x_wconf 74' lang='lat' dir='ltr'><em>fol.</em></span> <span class='ocrx_word' id='word_1_31' title='bbox 1278 301 1345 382; x_wconf 84' lang='lat'>584.</span> 
     </span>
    </p>
   </div>
   <div class='ocr_carea' id='block_1_3' title="bbox 142 369 1821 481">
    <p class='ocr_par' dir='ltr' id='par_1_3' title="bbox 142 369 1821 481">
     <span class='ocr_line' id='line_1_4' title="bbox 142 369 1821 481; baseline 0.014 -47"><span class='ocrx_word' id='word_1_32' title='bbox 142 405 218 461; x_wconf 64' lang='lat' dir='ltr'><em>ms,</em></span> <span class='ocrx_word' id='word_1_33' title='bbox 238 376 396 450; x_wconf 67' lang='lat' dir='ltr'><em>presides,</em></span> <span class='ocrx_word' id='word_1_34' title='bbox 427 372 701 466; x_wconf 70' lang='lat' dir='ltr'><em>locumtenentes,</em></span> <span class='ocrx_word' id='word_1_35' title='bbox 726 369 831 446; x_wconf 47' lang='lat' dir='ltr'><em>,Duces</em></span> <span class='ocrx_word' id='word_1_36' title='bbox 852 372 931 437; x_wconf 89' lang='lat' dir='ltr'><em>mili·</em></span> <span class='ocrx_word' id='word_1_37' title='bbox 996 375 1085 439; x_wconf 74' lang='lat' dir='ltr'><em>&#39;Non</em></span> <span class='ocrx_word' id='word_1_38' title='bbox 1119 374 1271 443; x_wconf 87' lang='lat' dir='ltr'><em>incutiunt</em></span> <span class='ocrx_word' id='word_1_39' title='bbox 1301 399 1401 448; x_wconf 87' lang='lat' dir='ltr'><em>tamen</em></span> <span class='ocrx_word' id='word_1_40' title='bbox 1432 382 1474 447; x_wconf 84' lang='lat' dir='ltr'><em>tal</em></span> <span class='ocrx_word' id='word_1_41' title='bbox 1584 406 1634 453; x_wconf 81' lang='lat' dir='ltr'><em>nas</em></span> <span class='ocrx_word' id='word_1_42' title='bbox 1664 407 1821 481; x_wconf 81' lang='lat' dir='ltr'><em>retnm15</em></span> 
     </span>
    </p>
   </div>
   <div class='ocr_carea' id='block_1_4' title="bbox 20 403 1872 4676">
    <p class='ocr_par' dir='ltr' id='par_1_4' title="bbox 20 403 1872 4676">
     <span class='ocr_line' id='line_1_5' title="bbox 142 403 1760 599; baseline 0.01 -77"><span class='ocrx_word' id='word_1_43' title='bbox 142 484 232 541; x_wconf 78' lang='lat' dir='ltr'><em>rom,</em></span> <span class='ocrx_word' id='word_1_44' title='bbox 252 462 284 525; x_wconf 78' lang='grc' dir='ltr'><em>δι</em></span> <span class='ocrx_word' id='word_1_45' title='bbox 303 453 481 540; x_wconf 84' lang='lat' dir='ltr'><em>Capitanei,</em></span> <span class='ocrx_word' id='word_1_46' title='bbox 510 472 564 599; x_wconf 50' lang='lat' dir='ltr'><em>qi:</em></span> <span class='ocrx_word' id='word_1_47' title='bbox 584 450 722 519; x_wconf 78' lang='lat' dir='ltr'><em>Dulium</em></span> <span class='ocrx_word' id='word_1_48' title='bbox 741 451 790 520; x_wconf 88' lang='lat' dir='ltr'><em>vel</em></span> <span class='ocrx_word' id='word_1_49' title='bbox 811 453 930 537; x_wconf 85' lang='lat' dir='ltr'><em>permit·</em></span> <span class='ocrx_word' id='word_1_50' title='bbox 970 452 1107 521; x_wconf 81' lang='lat' dir='ltr'><em>babentes</em></span> <span class='ocrx_word' id='word_1_51' title='bbox 1127 457 1265 525; x_wconf 85' lang='lat' dir='ltr'><em>Duellum</em></span> <span class='ocrx_word' id='word_1_52' title='bbox 1288 403 1616 532; x_wconf 54' lang='lat' dir='ltr'><em>smnonineeiciiin.</em></span> <span class='ocrx_word' id='word_1_53' title='bbox 1638 469 1760 540; x_wconf 75' lang='lat' dir='ltr'><em>Florum.</em></span> 
     </span>
     <span class='ocr_line' id='line_1_6' title="bbox 144 531 1759 707; baseline 0.001 -15"><span class='ocrx_word' id='word_1_54' title='bbox 144 538 410 694; x_wconf 64' lang='lat' dir='ltr'><em>zll‘im&#39;lolll</em></span> <span class='ocrx_word' id='word_1_55' title='bbox 425 531 930 699; x_wconf 46' lang='lat' dir='ltr'><em>„illillit‘llrlllri</em></span> <span class='ocrx_word' id='word_1_56' title='bbox 970 534 1354 707; x_wconf 52' lang='lat' dir='ltr'><em>&amp;illisit-,it</em></span> <span class='ocrx_word' id='word_1_57' title='bbox 1374 570 1449 688; x_wconf 73' lang='lat' dir='ltr'><em>”lt</em></span> <span class='ocrx_word' id='word_1_58' title='bbox 1463 568 1489 611; x_wconf 80' lang='lat'><em>¹·</em></span> <span class='ocrx_word' id='word_1_59' title='bbox 1509 548 1759 694; x_wconf 48' lang='lat' dir='ltr'><em>»peragique</em></span> 
     </span>
     <span class='ocr_line' id='line_1_7' title="bbox 143 639 1761 793; baseline 0.004 -23"><span class='ocrx_word' id='word_1_60' title='bbox 143 707 176 770; x_wconf 76' lang='lat' dir='ltr'><em>ro</em></span> <span class='ocrx_word' id='word_1_61' title='bbox 196 704 226 768; x_wconf 80' lang='lat' dir='ltr'><em>t.</em></span> <span class='ocrx_word' id='word_1_62' title='bbox 244 701 373 767; x_wconf 60' lang='lat' dir='ltr'><em>&#39;eonon</em></span> <span class='ocrx_word' id='word_1_63' title='bbox 394 693 558 761; x_wconf 68' lang='lat' dir='ltr'><em>comme</em></span> <span class='ocrx_word' id='word_1_64' title='bbox 586 694 678 758; x_wconf 88' lang='lat' dir='ltr'><em>viii.</em></span> <span class='ocrx_word' id='word_1_65' title='bbox 699 696 729 773; x_wconf 83' lang='lat'><em>§-</em></span> <span class='ocrx_word' id='word_1_66' title='bbox 747 715 774 775; x_wconf 76' lang='grc' dir='ltr'><em>ς.</em></span> <span class='ocrx_word' id='word_1_67' title='bbox 795 699 826 760; x_wconf 63' lang='grc' dir='ltr'><em>εκ</em></span> <span class='ocrx_word' id='word_1_68' title='bbox 843 695 932 776; x_wconf 72' lang='grc' dir='ltr'><em>αι,</em></span> <span class='ocrx_word' id='word_1_69' title='bbox 973 699 1090 765; x_wconf 70' lang='lat' dir='ltr'><em>Novo.</em></span> <span class='ocrx_word' id='word_1_70' title='bbox 1110 704 1141 765; x_wconf 84' lang='grc' dir='ltr'><em>κ·κ</em></span> <span class='ocrx_word' id='word_1_71' title='bbox 1154 704 1260 781; x_wconf 70' lang='lat' dir='ltr'><em>[mm.</em></span> <span class='ocrx_word' id='word_1_72' title='bbox 1281 667 1388 770; x_wconf 85' lang='grc' dir='ltr'><em>υκαι</em></span> <span class='ocrx_word' id='word_1_73' title='bbox 1402 654 1524 793; x_wconf 65' lang='lat' dir='ltr'><em>pmii.</em></span> <span class='ocrx_word' id='word_1_74' title='bbox 1539 670 1642 776; x_wconf 71' lang='grc' dir='ltr'><em>’κκῖκκ</em></span> <span class='ocrx_word' id='word_1_75' title='bbox 1656 639 1761 781; x_wconf 61' lang='lat' dir='ltr'><em>izsfqis</em></span> 
     </span>
     <span class='ocr_line' id='line_1_8' title="bbox 142 777 1759 870; baseline 0.005 -20"><span class='ocrx_word' id='word_1_76' title='bbox 142 786 206 850; x_wconf 85' lang='lat' dir='ltr'><em>ibi:</em></span> <span class='ocrx_word' id='word_1_77' title='bbox 229 789 268 846; x_wconf 82' lang='lat' dir='ltr'><em>Et</em></span> <span class='ocrx_word' id='word_1_78' title='bbox 288 805 340 845; x_wconf 89' lang='lat' dir='ltr'><em>nou</em></span> <span class='ocrx_word' id='word_1_79' title='bbox 353 778 445 858; x_wconf 82' lang='lat' dir='ltr'><em>solum</em></span> <span class='ocrx_word' id='word_1_80' title='bbox 464 779 580 839; x_wconf 84' lang='lat' dir='ltr'><em>locorum</em></span> <span class='ocrx_word' id='word_1_81' title='bbox 599 777 748 852; x_wconf 83' lang='lat' dir='ltr'><em>Domitios,</em></span> <span class='ocrx_word' id='word_1_82' title='bbox 771 778 934 856; x_wconf 79' lang='lat' dir='ltr'><em>sedetiam</em></span> <span class='ocrx_word' id='word_1_83' title='bbox 971 800 1024 854; x_wconf 80' lang='grc'><em>41.</em></span> <span class='ocrx_word' id='word_1_84' title='bbox 1045 779 1077 844; x_wconf 80' lang='grc' dir='ltr'><em>δι</em></span> <span class='ocrx_word' id='word_1_85' title='bbox 1096 781 1168 859; x_wconf 83' lang='lat' dir='ltr'><em>alii,</em></span> <span class='ocrx_word' id='word_1_86' title='bbox 1192 784 1223 847; x_wconf 75' lang='grc' dir='ltr'>ἂ</span> <span class='ocrx_word' id='word_1_87' title='bbox 1243 786 1318 850; x_wconf 77' lang='lat' dir='ltr'><em>ratio</em></span> <span class='ocrx_word' id='word_1_88' title='bbox 1339 787 1403 863; x_wconf 86' lang='lat' dir='ltr'><em>est,</em></span> <span class='ocrx_word' id='word_1_89' title='bbox 1434 788 1504 870; x_wconf 83' lang='lat' dir='ltr'><em>quia</em></span> <span class='ocrx_word' id='word_1_90' title='bbox 1523 790 1637 855; x_wconf 80' lang='lat' dir='ltr'><strong>Summi</strong></span> <span class='ocrx_word' id='word_1_91' title='bbox 1659 795 1759 860; x_wconf 84' lang='lat' dir='ltr'><em>Ponti·</em></span> 
     </span>
     <span class='ocr_line' id='line_1_9' title="bbox 143 855 1760 948; baseline 0.009 -21"><span class='ocrx_word' id='word_1_92' title='bbox 143 866 358 948; x_wconf 67' lang='lat' dir='ltr'><em>itiagelleatm,</em></span> <span class='ocrx_word' id='word_1_93' title='bbox 388 855 552 934; x_wconf 73' lang='lat' dir='ltr'><em>Praefidet,</em></span> <span class='ocrx_word' id='word_1_94' title='bbox 596 859 843 937; x_wconf 82' lang='lat' dir='ltr'><em>Locumtentntes,</em></span> <span class='ocrx_word' id='word_1_95' title='bbox 882 880 934 922; x_wconf 79' lang='lat' dir='ltr'><em>aut</em></span> <span class='ocrx_word' id='word_1_96' title='bbox 973 858 1040 924; x_wconf 83' lang='lat' dir='ltr'><em>sices</em></span> <span class='ocrx_word' id='word_1_97' title='bbox 1068 863 1203 928; x_wconf 88' lang='lat' dir='ltr'><em>volentes</em></span> <span class='ocrx_word' id='word_1_98' title='bbox 1233 885 1331 945; x_wconf 76' lang='lat' dir='ltr'><em>peenas</em></span> <span class='ocrx_word' id='word_1_99' title='bbox 1358 868 1473 933; x_wconf 79' lang='lat' dir='ltr'><em>extendi</em></span> <span class='ocrx_word' id='word_1_100' title='bbox 1503 872 1541 933; x_wconf 85' lang='lat' dir='ltr'><em>ad</em></span> <span class='ocrx_word' id='word_1_101' title='bbox 1579 875 1760 942; x_wconf 79' lang='lat' dir='ltr'><em>ratihabitio·</em></span> 
     </span>
     <span class='ocr_line' id='line_1_10' title="bbox 144 934 1762 1033; baseline 0.008 -24"><span class='ocrx_word' id='word_1_102' title='bbox 144 953 231 1011; x_wconf 84' lang='lat' dir='ltr'><em>etiam</em></span> <span class='ocrx_word' id='word_1_103' title='bbox 250 944 375 1006; x_wconf 82' lang='lat' dir='ltr'><em>militum</em></span> <span class='ocrx_word' id='word_1_104' title='bbox 403 943 520 1013; x_wconf 87' lang='lat' dir='ltr'><em>Duces,</em></span> <span class='ocrx_word' id='word_1_105' title='bbox 553 934 592 1002; x_wconf 67' lang='grc' dir='ltr'><strong><em>Θ</em></strong></span> <span class='ocrx_word' id='word_1_106' title='bbox 621 941 787 1023; x_wconf 78' lang='lat' dir='ltr'><em>capitaneos</em></span> <span class='ocrx_word' id='word_1_107' title='bbox 815 943 845 1003; x_wconf 90' lang='lat' dir='ltr'><em>in</em></span> <span class='ocrx_word' id='word_1_108' title='bbox 874 946 931 1003; x_wconf 87' lang='lat' dir='ltr'><em>Ca·</em></span> <span class='ocrx_word' id='word_1_109' title='bbox 973 962 1060 1016; x_wconf 88' lang='lat' dir='ltr'><em>nem,</em></span> <span class='ocrx_word' id='word_1_110' title='bbox 1082 941 1111 1005; x_wconf 89' lang='lat' dir='ltr'><em>id</em></span> <span class='ocrx_word' id='word_1_111' title='bbox 1130 943 1225 1011; x_wconf 79' lang='lat' dir='ltr'>solent</span> <span class='ocrx_word' id='word_1_112' title='bbox 1245 948 1424 1033; x_wconf 76' lang='lat' dir='ltr'>exprimere,</span> <span class='ocrx_word' id='word_1_113' title='bbox 1445 951 1518 1013; x_wconf 82' lang='lat' dir='ltr'><em>unde</em></span> <span class='ocrx_word' id='word_1_114' title='bbox 1538 971 1606 1014; x_wconf 83' lang='lat' dir='ltr'><em>corn</em></span> <span class='ocrx_word' id='word_1_115' title='bbox 1625 952 1680 1019; x_wconf 90' lang='lat' dir='ltr'><em>boc</em></span> <span class='ocrx_word' id='word_1_116' title='bbox 1701 978 1762 1023; x_wconf 85' lang='lat' dir='ltr'><em>noo</em></span> 
     </span>
     <span class='ocr_line' id='line_1_11' title="bbox 140 1019 1759 1114; baseline 0.006 -24"><span class='ocrx_word' id='word_1_117' title='bbox 140 1032 223 1114; x_wconf 70' lang='lat' dir='ltr'><em>piris,</em></span> <span class='ocrx_word' id='word_1_118' title='bbox 247 1024 393 1086; x_wconf 77' lang='lat' dir='ltr'><em>veletren</em></span> <span class='ocrx_word' id='word_1_119' title='bbox 412 1043 463 1095; x_wconf 84' lang='lat' dir='ltr'><em>ea,</em></span> <span class='ocrx_word' id='word_1_120' title='bbox 483 1022 514 1083; x_wconf 89' lang='lat' dir='ltr'><em>in</em></span> <span class='ocrx_word' id='word_1_121' title='bbox 533 1019 647 1095; x_wconf 85' lang='lat' dir='ltr'><em>alieno,</em></span> <span class='ocrx_word' id='word_1_122' title='bbox 666 1022 715 1082; x_wconf 85' lang='lat' dir='ltr'><em>uel</em></span> <span class='ocrx_word' id='word_1_123' title='bbox 734 1019 827 1100; x_wconf 72' lang='lat' dir='ltr'><em>bossili</em></span> <span class='ocrx_word' id='word_1_124' title='bbox 838 1023 929 1102; x_wconf 77' lang='lat' dir='ltr'><em>solo,</em></span> <span class='ocrx_word' id='word_1_125' title='bbox 971 1019 1155 1104; x_wconf 78' lang='lat' dir='ltr'><em>expresserint</em></span> <span class='ocrx_word' id='word_1_126' title='bbox 1186 1025 1217 1089; x_wconf 93' lang='lat' dir='ltr'><em>in</em></span> <span class='ocrx_word' id='word_1_127' title='bbox 1251 1025 1341 1091; x_wconf 89' lang='lat' dir='ltr'><em>Bullis</em></span> <span class='ocrx_word' id='word_1_128' title='bbox 1360 1045 1464 1092; x_wconf 87' lang='lat' dir='ltr'><em>contra</em></span> <span class='ocrx_word' id='word_1_129' title='bbox 1484 1029 1668 1110; x_wconf 86' lang='lat' dir='ltr'><em>duellantes,</em></span> <span class='ocrx_word' id='word_1_130' title='bbox 1699 1058 1759 1100; x_wconf 87' lang='lat' dir='ltr'><em>non</em></span> 
     </span>
     <span class='ocr_line' id='line_1_12' title="bbox 144 1098 1762 1195; baseline 0.003 -22"><span class='ocrx_word' id='word_1_131' title='bbox 144 1112 195 1173; x_wconf 84' lang='lat' dir='ltr'><em>uel</em></span> <span class='ocrx_word' id='word_1_132' title='bbox 216 1130 278 1170; x_wconf 87' lang='lat' dir='ltr'><em>eum</em></span> <span class='ocrx_word' id='word_1_133' title='bbox 298 1098 435 1166; x_wconf 77' lang='lat' dir='ltr'><em>militibus</em></span> <span class='ocrx_word' id='word_1_134' title='bbox 466 1104 600 1162; x_wconf 74' lang='lat' dir='ltr'><em>maritos</em></span> <span class='ocrx_word' id='word_1_135' title='bbox 626 1099 845 1183; x_wconf 68' lang='lat' dir='ltr'><em>adnascuntum</em></span> <span class='ocrx_word' id='word_1_136' title='bbox 867 1107 929 1165; x_wconf 78' lang='lat' dir='ltr'><em>Mo</em></span> <span class='ocrx_word' id='word_1_137' title='bbox 971 1102 1009 1165; x_wconf 84' lang='lat' dir='ltr'><em>esl</em></span> <span class='ocrx_word' id='word_1_138' title='bbox 1029 1100 1158 1166; x_wconf 84' lang='lat' dir='ltr'><em>faciendi</em></span> <span class='ocrx_word' id='word_1_139' title='bbox 1176 1108 1324 1184; x_wconf 81' lang='lat' dir='ltr'><em>ettenfio,</em></span> <span class='ocrx_word' id='word_1_140' title='bbox 1345 1128 1382 1173; x_wconf 89' lang='lat' dir='ltr'><em>eo</em></span> <span class='ocrx_word' id='word_1_141' title='bbox 1401 1109 1449 1174; x_wconf 90' lang='lat' dir='ltr'><em>vel</em></span> <span class='ocrx_word' id='word_1_142' title='bbox 1472 1113 1599 1177; x_wconf 80' lang='lat' dir='ltr'><em>manime</em></span> <span class='ocrx_word' id='word_1_143' title='bbox 1617 1113 1688 1195; x_wconf 86' lang='lat' dir='ltr'><em>quia</em></span> <span class='ocrx_word' id='word_1_144' title='bbox 1709 1113 1762 1180; x_wconf 82' lang='lat' dir='ltr'><em>ilia</em></span> 
     </span>
     <span class='ocr_line' id='line_1_13' title="bbox 144 1180 1732 1277; baseline 0.001 -22"><span class='ocrx_word' id='word_1_145' title='bbox 144 1186 320 1255; x_wconf 82' lang='lat' dir='ltr'><em>nomuchiem</em></span> <span class='ocrx_word' id='word_1_146' title='bbox 340 1185 371 1243; x_wconf 87' lang='lat' dir='ltr'><em>in</em></span> <span class='ocrx_word' id='word_1_147' title='bbox 390 1201 557 1262; x_wconf 75' lang='lat' dir='ltr'><em>quattuorque</em></span> <span class='ocrx_word' id='word_1_148' title='bbox 574 1183 640 1262; x_wconf 74' lang='lat' dir='ltr'><em>casto</em></span> <span class='ocrx_word' id='word_1_149' title='bbox 742 1185 929 1266; x_wconf 76' lang='lat' dir='ltr'><em>presentem,</em></span> <span class='ocrx_word' id='word_1_150' title='bbox 971 1180 1011 1246; x_wconf 85' lang='lat' dir='ltr'><em>est</em></span> <span class='ocrx_word' id='word_1_151' title='bbox 1032 1182 1092 1246; x_wconf 81' lang='lat' dir='ltr'><em>Lex</em></span> <span class='ocrx_word' id='word_1_152' title='bbox 1112 1183 1265 1266; x_wconf 79' lang='lat' dir='ltr'><em>poenalis,</em></span> <span class='ocrx_word' id='word_1_153' title='bbox 1297 1207 1362 1268; x_wconf 75' lang='lat' dir='ltr'><em>quae</em></span> <span class='ocrx_word' id='word_1_154' title='bbox 1423 1188 1480 1255; x_wconf 75' lang='lat' dir='ltr'><em>tius</em></span> <span class='ocrx_word' id='word_1_155' title='bbox 1500 1191 1584 1256; x_wconf 85' lang='lat' dir='ltr'><em>debet</em></span> <span class='ocrx_word' id='word_1_156' title='bbox 1606 1195 1732 1277; x_wconf 74' lang='lat' dir='ltr'><em>restringi</em></span> 
     </span>
     <span class='ocr_line' id='line_1_14' title="bbox 143 1199 1760 1360; baseline 0.005 -29"><span class='ocrx_word' id='word_1_157' title='bbox 143 1275 196 1334; x_wconf 80' lang='lat' dir='ltr'><em>vel</em></span> <span class='ocrx_word' id='word_1_158' title='bbox 215 1269 289 1330; x_wconf 82' lang='lat' dir='ltr'><em>elias</em></span> <span class='ocrx_word' id='word_1_159' title='bbox 298 1261 501 1338; x_wconf 71' lang='lat' dir='ltr'><em>constitutiones</em></span> <span class='ocrx_word' id='word_1_160' title='bbox 520 1199 852 1357; x_wconf 47' lang='lat' dir='ltr'><em>hujusmodnnbibiem</em></span> <span class='ocrx_word' id='word_1_161' title='bbox 867 1280 930 1345; x_wconf 89' lang='lat' dir='ltr'><em>per·</em></span> <span class='ocrx_word' id='word_1_162' title='bbox 971 1282 1005 1325; x_wconf 92' lang='lat' dir='ltr'><em>ett</em></span> <span class='ocrx_word' id='word_1_163' title='bbox 1027 1286 1061 1358; x_wconf 66' lang='lat' dir='ltr'><em>p.</em></span> <span class='ocrx_word' id='word_1_164' title='bbox 1083 1264 1162 1328; x_wconf 77' lang='lat' dir='ltr'><em>odia</em></span> <span class='ocrx_word' id='word_1_165' title='bbox 1186 1285 1233 1345; x_wconf 84' lang='lat'><em>15.</em></span> <span class='ocrx_word' id='word_1_166' title='bbox 1256 1264 1297 1330; x_wconf 59' lang='grc' dir='ltr'><em>(θ’</em></span> <span class='ocrx_word' id='word_1_167' title='bbox 1326 1289 1350 1328; x_wconf 83' lang='lat' dir='ltr'><em>c.</em></span> <span class='ocrx_word' id='word_1_168' title='bbox 1373 1208 1421 1330; x_wconf 61' lang='lat' dir='ltr'><em>iiio</em></span> <span class='ocrx_word' id='word_1_169' title='bbox 1432 1276 1522 1350; x_wconf 82' lang='lat' dir='ltr'><em>poenir</em></span> <span class='ocrx_word' id='word_1_170' title='bbox 1550 1295 1601 1352; x_wconf 81' lang='lat'><em>49.</em></span> <span class='ocrx_word' id='word_1_171' title='bbox 1620 1275 1655 1335; x_wconf 88' lang='lat' dir='ltr'><em>de</em></span> <span class='ocrx_word' id='word_1_172' title='bbox 1673 1240 1760 1360; x_wconf 52' lang='lat' dir='ltr'><em>regul:</em></span> 
     </span>
     <span class='ocr_line' id='line_1_15' title="bbox 143 1283 1763 1435; baseline -0.003 -19"><span class='ocrx_word' id='word_1_173' title='bbox 143 1355 298 1421; x_wconf 77' lang='lat' dir='ltr'><em>mittentes,</em></span> <span class='ocrx_word' id='word_1_174' title='bbox 319 1350 367 1405; x_wconf 85' lang='lat' dir='ltr'><em>vel</em></span> <span class='ocrx_word' id='word_1_175' title='bbox 404 1359 520 1403; x_wconf 89' lang='lat' dir='ltr'><em>uantum</em></span> <span class='ocrx_word' id='word_1_176' title='bbox 541 1347 572 1405; x_wconf 86' lang='lat' dir='ltr'><em>in</em></span> <span class='ocrx_word' id='word_1_177' title='bbox 592 1342 658 1427; x_wconf 75' lang='lat' dir='ltr'><em>iplic</em></span> <span class='ocrx_word' id='word_1_178' title='bbox 676 1283 717 1426; x_wconf 65' lang='lat' dir='ltr'><em>eli</em></span> <span class='ocrx_word' id='word_1_179' title='bbox 728 1390 738 1422; x_wconf 91' lang='lat'>‚</span> <span class='ocrx_word' id='word_1_180' title='bbox 770 1370 822 1410; x_wconf 92' lang='lat' dir='ltr'><em>non</em></span> <span class='ocrx_word' id='word_1_181' title='bbox 836 1342 930 1427; x_wconf 82' lang='lat' dir='ltr'><em>prohi-</em></span> <span class='ocrx_word' id='word_1_182' title='bbox 963 1348 1046 1424; x_wconf 75' lang='lat' dir='ltr'><em>Jeme</em></span> <span class='ocrx_word' id='word_1_183' title='bbox 1064 1346 1095 1406; x_wconf 85' lang='lat' dir='ltr'><em>in</em></span> <span class='ocrx_word' id='word_1_184' title='bbox 1116 1350 1145 1408; x_wconf 84' lang='grc'><em>6.</em></span> <span class='ocrx_word' id='word_1_185' title='bbox 1168 1343 1207 1409; x_wconf 65' lang='grc' dir='ltr'><em>(α</em></span> <span class='ocrx_word' id='word_1_186' title='bbox 1228 1350 1250 1409; x_wconf 86' lang='lat' dir='ltr'><em>l.</em></span> <span class='ocrx_word' id='word_1_187' title='bbox 1272 1344 1391 1408; x_wconf 65' lang='lat' dir='ltr'><em>Fufium</em></span> <span class='ocrx_word' id='word_1_188' title='bbox 1410 1349 1439 1424; x_wconf 87' lang='lat'><em>§.</em></span> <span class='ocrx_word' id='word_1_189' title='bbox 1462 1355 1497 1412; x_wconf 86' lang='lat' dir='ltr'><em>in</em></span> <span class='ocrx_word' id='word_1_190' title='bbox 1512 1354 1666 1433; x_wconf 62' lang='lat' dir='ltr'><em>penalibus</em></span> <span class='ocrx_word' id='word_1_191' title='bbox 1687 1400 1697 1432; x_wconf 87' lang='lat'>‚</span> <span class='ocrx_word' id='word_1_192' title='bbox 1722 1358 1763 1435; x_wconf 48' lang='grc' dir='ltr'><em>ᾖ</em></span> 
     </span>
     <span class='ocr_line' id='line_1_16' title="bbox 144 1368 1822 1518; baseline -0.001 -23"><span class='ocrx_word' id='word_1_193' title='bbox 144 1433 251 1505; x_wconf 75' lang='lat' dir='ltr'><em>beatu,</em></span> <span class='ocrx_word' id='word_1_194' title='bbox 272 1450 318 1488; x_wconf 78' lang='lat' dir='ltr'><em>au:</em></span> <span class='ocrx_word' id='word_1_195' title='bbox 335 1368 404 1507; x_wconf 67' lang='lat' dir='ltr'><em>pori</em></span> <span class='ocrx_word' id='word_1_196' title='bbox 414 1422 582 1504; x_wconf 73' lang='lat' dir='ltr'><em>mmmiffiou</em></span> <span class='ocrx_word' id='word_1_197' title='bbox 592 1429 712 1503; x_wconf 79' lang='lat' dir='ltr'><em>crimen,</em></span> <span class='ocrx_word' id='word_1_198' title='bbox 734 1424 772 1491; x_wconf 71' lang='lat' dir='ltr'><em>(v</em></span> <span class='ocrx_word' id='word_1_199' title='bbox 794 1430 929 1503; x_wconf 86' lang='lat' dir='ltr'><em>veniam,</em></span> <span class='ocrx_word' id='word_1_200' title='bbox 969 1423 1005 1484; x_wconf 79' lang='lat' dir='ltr'><em>de</em></span> <span class='ocrx_word' id='word_1_201' title='bbox 1024 1425 1109 1509; x_wconf 80' lang='lat' dir='ltr'><em>regul.</em></span> <span class='ocrx_word' id='word_1_202' title='bbox 1123 1430 1227 1506; x_wconf 82' lang='lat' dir='ltr'><em>Jurii.</em></span> <span class='ocrx_word' id='word_1_203' title='bbox 1250 1427 1314 1493; x_wconf 84' lang='lat' dir='ltr'><em>Nec</em></span> <span class='ocrx_word' id='word_1_204' title='bbox 1334 1426 1407 1491; x_wconf 88' lang='lat' dir='ltr'><em>tales</em></span> <span class='ocrx_word' id='word_1_205' title='bbox 1427 1447 1527 1513; x_wconf 85' lang='lat' dir='ltr'><em>poenas</em></span> <span class='ocrx_word' id='word_1_206' title='bbox 1544 1434 1687 1514; x_wconf 75' lang='lat' dir='ltr'><em>incurrit,</em></span> <span class='ocrx_word' id='word_1_207' title='bbox 1709 1437 1762 1518; x_wconf 87' lang='lat' dir='ltr'><em>qui</em></span> <span class='ocrx_word' id='word_1_208' title='bbox 1785 1445 1822 1506; x_wconf 67' lang='grc' dir='ltr'><em>ιι</em></span> 
     </span>
     <span class='ocr_line' id='line_1_17' title="bbox 89 1506 1766 1596; baseline -0.005 -15"><span class='ocrx_word' id='word_1_209' title='bbox 89 1537 129 1581; x_wconf 87' lang='lat'><em>12</em></span> <span class='ocrx_word' id='word_1_210' title='bbox 153 1517 191 1579; x_wconf 73' lang='lat' dir='ltr'><em>(t</em></span> <span class='ocrx_word' id='word_1_211' title='bbox 210 1514 405 1588; x_wconf 73' lang='lat' dir='ltr'><em>impunitatem</em></span> <span class='ocrx_word' id='word_1_212' title='bbox 424 1506 624 1570; x_wconf 78' lang='lat' dir='ltr'><em>concedenter.</em></span> <span class='ocrx_word' id='word_1_213' title='bbox 655 1506 801 1573; x_wconf 85' lang='lat' dir='ltr'><em>Civitates</em></span> <span class='ocrx_word' id='word_1_214' title='bbox 830 1526 931 1582; x_wconf 88' lang='lat' dir='ltr'><em>vero,</em></span> <span class='ocrx_word' id='word_1_215' title='bbox 974 1523 1150 1589; x_wconf 84' lang='lat' dir='ltr'><em>provocatus</em></span> <span class='ocrx_word' id='word_1_216' title='bbox 1170 1506 1206 1570; x_wconf 90' lang='lat' dir='ltr'><em>ad</em></span> <span class='ocrx_word' id='word_1_217' title='bbox 1227 1506 1365 1573; x_wconf 86' lang='lat' dir='ltr'><em>Duellum</em></span> <span class='ocrx_word' id='word_1_218' title='bbox 1386 1509 1423 1572; x_wconf 84' lang='lat' dir='ltr'><em>fic</em></span> <span class='ocrx_word' id='word_1_219' title='bbox 1445 1509 1614 1596; x_wconf 80' lang='lat' dir='ltr'><em>respondet:</em></span> <span class='ocrx_word' id='word_1_220' title='bbox 1637 1520 1766 1582; x_wconf 80' lang='lat' dir='ltr'><em>Paratur</em></span> 
     </span>
     <span class='ocr_line' id='line_1_18' title="bbox 148 1585 1765 1684; baseline 0.006 -33"><span class='ocrx_word' id='word_1_221' title='bbox 148 1591 282 1678; x_wconf 80' lang='lat' dir='ltr'><em>Oppida,</em></span> <span class='ocrx_word' id='word_1_222' title='bbox 304 1589 430 1664; x_wconf 71' lang='lat' dir='ltr'><em>Tetra,</em></span> <span class='ocrx_word' id='word_1_223' title='bbox 460 1587 591 1663; x_wconf 81' lang='lat' dir='ltr'><em>Callia,</em></span> <span class='ocrx_word' id='word_1_224' title='bbox 623 1588 652 1649; x_wconf 86' lang='lat' dir='ltr'><em>in</em></span> <span class='ocrx_word' id='word_1_225' title='bbox 672 1588 777 1684; x_wconf 82' lang='lat' dir='ltr'><em>quibus</em></span> <span class='ocrx_word' id='word_1_226' title='bbox 796 1585 932 1654; x_wconf 83' lang='lat' dir='ltr'><em>commil-</em></span> <span class='ocrx_word' id='word_1_227' title='bbox 970 1588 1037 1667; x_wconf 82' lang='lat' dir='ltr'><em>sum</em></span> <span class='ocrx_word' id='word_1_228' title='bbox 1067 1610 1111 1649; x_wconf 90' lang='lat' dir='ltr'><em>me</em></span> <span class='ocrx_word' id='word_1_229' title='bbox 1139 1589 1311 1666; x_wconf 77' lang='lat' dir='ltr'><em>defendere,</em></span> <span class='ocrx_word' id='word_1_230' title='bbox 1345 1588 1566 1675; x_wconf 76' lang='lat' dir='ltr'><em>quandocumque</em></span> <span class='ocrx_word' id='word_1_231' title='bbox 1584 1620 1631 1658; x_wconf 84' lang='lat' dir='ltr'><em>me</em></span> <span class='ocrx_word' id='word_1_232' title='bbox 1650 1600 1765 1680; x_wconf 81' lang='lat' dir='ltr'><em>invase·</em></span> 
     </span>
     <span class='ocr_line' id='line_1_19' title="bbox 145 1668 1767 1758; baseline 0.001 -21"><span class='ocrx_word' id='word_1_233' title='bbox 145 1674 208 1740; x_wconf 84' lang='lat' dir='ltr'><em>soni</em></span> <span class='ocrx_word' id='word_1_234' title='bbox 230 1669 316 1734; x_wconf 87' lang='lat' dir='ltr'><em>fuerit</em></span> <span class='ocrx_word' id='word_1_235' title='bbox 338 1669 490 1745; x_wconf 88' lang='lat' dir='ltr'><em>duellum,</em></span> <span class='ocrx_word' id='word_1_236' title='bbox 511 1668 764 1752; x_wconf 72' lang='lat' dir='ltr'><em>permittentibus,</em></span> <span class='ocrx_word' id='word_1_237' title='bbox 787 1689 838 1734; x_wconf 89' lang='lat' dir='ltr'><em>ant</em></span> <span class='ocrx_word' id='word_1_238' title='bbox 858 1668 931 1733; x_wconf 88' lang='lat' dir='ltr'><em>tole·</em></span> <span class='ocrx_word' id='word_1_239' title='bbox 973 1672 1049 1742; x_wconf 74' lang='lat' dir='ltr'><em>rior</em></span> <span class='ocrx_word' id='word_1_240' title='bbox 1079 1669 1139 1732; x_wconf 88' lang='lat' dir='ltr'><em>nolo</em></span> <span class='ocrx_word' id='word_1_241' title='bbox 1168 1671 1224 1731; x_wconf 84' lang='lat' dir='ltr'><em>tale</em></span> <span class='ocrx_word' id='word_1_242' title='bbox 1255 1687 1398 1752; x_wconf 82' lang='lat' dir='ltr'><em>acceptare</em></span> <span class='ocrx_word' id='word_1_243' title='bbox 1417 1671 1569 1752; x_wconf 66' lang='lat' dir='ltr'><em>malum,</em></span> <span class='ocrx_word' id='word_1_244' title='bbox 1603 1679 1677 1758; x_wconf 79' lang='lat' dir='ltr'><em>quod</em></span> <span class='ocrx_word' id='word_1_245' title='bbox 1695 1681 1767 1742; x_wconf 56' lang='lat' dir='ltr'><em>itii</em></span> 
     </span>
     <span class='ocr_line' id='line_1_20' title="bbox 143 1735 1826 1847; baseline 0.002 -30"><span class='ocrx_word' id='word_1_246' title='bbox 143 1756 275 1819; x_wconf 85' lang='lat' dir='ltr'><em>rantibus</em></span> <span class='ocrx_word' id='word_1_247' title='bbox 305 1749 441 1814; x_wconf 81' lang='lat' dir='ltr'><em>Dominis</em></span> <span class='ocrx_word' id='word_1_248' title='bbox 465 1795 475 1827; x_wconf 91' lang='lat'><em>,</em></span> <span class='ocrx_word' id='word_1_249' title='bbox 520 1749 713 1814; x_wconf 81' lang='lat' dir='ltr'><em>Ecclesiastico</em></span> <span class='ocrx_word' id='word_1_250' title='bbox 747 1749 934 1826; x_wconf 82' lang='lat' dir='ltr'><em>subjiciuntur</em></span> <span class='ocrx_word' id='word_1_251' title='bbox 974 1752 1122 1826; x_wconf 77' lang='lat' dir='ltr'><em>Divina„</em></span> <span class='ocrx_word' id='word_1_252' title='bbox 1145 1749 1184 1815; x_wconf 73' lang='lat'><em>&amp;</em></span> <span class='ocrx_word' id='word_1_253' title='bbox 1206 1749 1395 1831; x_wconf 70' lang='lat' dir='ltr'><em>Ecclefiajlicae</em></span> <span class='ocrx_word' id='word_1_254' title='bbox 1416 1754 1451 1833; x_wconf 74' lang='lat' dir='ltr'><em>eli</em></span> <span class='ocrx_word' id='word_1_255' title='bbox 1470 1761 1634 1820; x_wconf 80' lang='lat' dir='ltr'><em>contrarium</em></span> <span class='ocrx_word' id='word_1_256' title='bbox 1652 1800 1665 1821; x_wconf 82' lang='grc' dir='ltr'><em>κ</em></span> <span class='ocrx_word' id='word_1_257' title='bbox 1699 1735 1763 1839; x_wconf 57' lang='lat' dir='ltr'><em>Nic</em></span> <span class='ocrx_word' id='word_1_258' title='bbox 1788 1784 1826 1847; x_wconf 68' lang='grc' dir='ltr'>η</span> 
     </span>
     <span class='ocr_line' id='line_1_21' title="bbox 142 1826 1765 1923; baseline 0 -20"><span class='ocrx_word' id='word_1_259' title='bbox 142 1833 328 1910; x_wconf 78' lang='lat' dir='ltr'><em>Interdiiio,</em></span> <span class='ocrx_word' id='word_1_260' title='bbox 351 1850 434 1897; x_wconf 87' lang='lat' dir='ltr'><em>textu</em></span> <span class='ocrx_word' id='word_1_261' title='bbox 493 1831 562 1896; x_wconf 88' lang='lat' dir='ltr'><em>riter</em></span> <span class='ocrx_word' id='word_1_262' title='bbox 582 1830 708 1917; x_wconf 80' lang='lat' dir='ltr'><em>expresso</em></span> <span class='ocrx_word' id='word_1_263' title='bbox 728 1831 758 1894; x_wconf 89' lang='lat' dir='ltr'><em>in</em></span> <span class='ocrx_word' id='word_1_264' title='bbox 780 1832 832 1895; x_wconf 88' lang='lat' dir='ltr'><em>cit.</em></span> <span class='ocrx_word' id='word_1_265' title='bbox 854 1831 934 1897; x_wconf 81' lang='lat' dir='ltr'><em>Con·</em></span> <span class='ocrx_word' id='word_1_266' title='bbox 974 1830 1065 1895; x_wconf 88' lang='lat' dir='ltr'><em>etiam</em></span> <span class='ocrx_word' id='word_1_267' title='bbox 1088 1826 1151 1895; x_wconf 84' lang='lat' dir='ltr'><em>illas</em></span> <span class='ocrx_word' id='word_1_268' title='bbox 1172 1830 1326 1907; x_wconf 83' lang='lat' dir='ltr'><em>incurrit,</em></span> <span class='ocrx_word' id='word_1_269' title='bbox 1354 1834 1407 1914; x_wconf 89' lang='lat' dir='ltr'><em>qui</em></span> <span class='ocrx_word' id='word_1_270' title='bbox 1428 1834 1464 1897; x_wconf 87' lang='lat' dir='ltr'><em>sic</em></span> <span class='ocrx_word' id='word_1_271' title='bbox 1494 1836 1674 1923; x_wconf 79' lang='lat' dir='ltr'><em>respondet:</em></span> <span class='ocrx_word' id='word_1_272' title='bbox 1706 1843 1765 1922; x_wconf 70' lang='lat' dir='ltr'><em>Ego</em></span> 
     </span>
     <span class='ocr_line' id='line_1_22' title="bbox 139 1911 1765 2002; baseline 0.001 -19"><span class='ocrx_word' id='word_1_273' title='bbox 139 1917 234 1983; x_wconf 85' lang='lat' dir='ltr'><em>ssiiot.</em></span> <span class='ocrx_word' id='word_1_274' title='bbox 259 1914 421 1979; x_wconf 78' lang='lat' dir='ltr'><em>Clementis</em></span> <span class='ocrx_word' id='word_1_275' title='bbox 473 1912 534 1975; x_wconf 91' lang='grc'><strong><em>111.</em></strong></span> <span class='ocrx_word' id='word_1_276' title='bbox 556 1914 585 1990; x_wconf 87' lang='lat'><em>§.</em></span> <span class='ocrx_word' id='word_1_277' title='bbox 602 1935 632 1993; x_wconf 87' lang='lat'><em>7.</em></span> <span class='ocrx_word' id='word_1_278' title='bbox 654 1912 727 1979; x_wconf 87' lang='lat' dir='ltr'><em>ibi:</em></span> <span class='ocrx_word' id='word_1_279' title='bbox 764 1915 841 1995; x_wconf 82' lang='lat' dir='ltr'><em>ipsas</em></span> <span class='ocrx_word' id='word_1_280' title='bbox 869 1933 935 1976; x_wconf 85' lang='lat' dir='ltr'><em>veto</em></span> <span class='ocrx_word' id='word_1_281' title='bbox 973 1911 1138 1995; x_wconf 86' lang='lat' dir='ltr'><em>ubicumque</em></span> <span class='ocrx_word' id='word_1_282' title='bbox 1157 1935 1202 1975; x_wconf 89' lang='lat' dir='ltr'><em>me</em></span> <span class='ocrx_word' id='word_1_283' title='bbox 1222 1911 1358 1995; x_wconf 77' lang='lat' dir='ltr'><em>aggreffitt</em></span> <span class='ocrx_word' id='word_1_284' title='bbox 1371 1915 1485 1995; x_wconf 78' lang='lat' dir='ltr'><em>fueris,</em></span> <span class='ocrx_word' id='word_1_285' title='bbox 1504 1935 1619 2002; x_wconf 81' lang='lat' dir='ltr'><em>paratur</em></span> <span class='ocrx_word' id='word_1_286' title='bbox 1633 1922 1700 2000; x_wconf 84' lang='lat' dir='ltr'><em>suni</em></span> <span class='ocrx_word' id='word_1_287' title='bbox 1720 1943 1765 1983; x_wconf 86' lang='lat' dir='ltr'><em>me</em></span> 
     </span>
     <span class='ocr_line' id='line_1_23' title="bbox 141 1992 1765 2095; baseline 0.002 -35"><span class='ocrx_word' id='word_1_288' title='bbox 141 2002 311 2093; x_wconf 70' lang='lat' dir='ltr'><em>Civitates,</em></span> <span class='ocrx_word' id='word_1_289' title='bbox 332 2002 449 2069; x_wconf 84' lang='lat' dir='ltr'><em>Terras,</em></span> <span class='ocrx_word' id='word_1_290' title='bbox 464 1992 606 2090; x_wconf 24' lang='lat' dir='ltr'><em>&#39;Oppidffi</em></span> <span class='ocrx_word' id='word_1_291' title='bbox 622 1996 678 2091; x_wconf 72' lang='lat' dir='ltr'><em>vtrel</em></span> <span class='ocrx_word' id='word_1_292' title='bbox 694 1994 812 2091; x_wconf 65' lang='lat' dir='ltr'><em>Castra,</em></span> <span class='ocrx_word' id='word_1_293' title='bbox 836 1994 875 2059; x_wconf 59' lang='lat'><em>(9</em></span> <span class='ocrx_word' id='word_1_294' title='bbox 895 1996 933 2056; x_wconf 86' lang='lat' dir='ltr'><em>lo-</em></span> <span class='ocrx_word' id='word_1_295' title='bbox 973 1992 1118 2093; x_wconf 60' lang='lat' dir='ltr'><em>&amp;feudum</em></span> <span class='ocrx_word' id='word_1_296' title='bbox 1136 2037 1146 2071; x_wconf 90' lang='lat'>‚</span> <span class='ocrx_word' id='word_1_297' title='bbox 1167 2017 1251 2093; x_wconf 66' lang='lat' dir='ltr'><em>neque</em></span> <span class='ocrx_word' id='word_1_298' title='bbox 1270 1992 1416 2095; x_wconf 72' lang='lat' dir='ltr'><em>latitabt,</em></span> <span class='ocrx_word' id='word_1_299' title='bbox 1442 1999 1496 2095; x_wconf 71' lang='lat' dir='ltr'><em>sed</em></span> <span class='ocrx_word' id='word_1_300' title='bbox 1520 2005 1609 2063; x_wconf 83' lang='lat' dir='ltr'><em>mtic</em></span> <span class='ocrx_word' id='word_1_301' title='bbox 1641 2004 1699 2063; x_wconf 78' lang='lat' dir='ltr'><em>iatri</em></span> <span class='ocrx_word' id='word_1_302' title='bbox 1713 2019 1765 2086; x_wconf 85' lang='lat' dir='ltr'><em>per</em></span> 
     </span>
     <span class='ocr_line' id='line_1_24' title="bbox 142 2073 1845 2244; baseline -0.001 -17"><span class='ocrx_word' id='word_1_303' title='bbox 142 2100 382 2236; x_wconf 50' lang='lat' dir='ltr'><em>{loir-livi</em></span> <span class='ocrx_word' id='word_1_304' title='bbox 397 2075 933 2241; x_wconf 53' lang='lat' dir='ltr'><em>:iilllllzl&#39;tlllllt</em></span> <span class='ocrx_word' id='word_1_305' title='bbox 974 2073 1087 2243; x_wconf 60' lang='lat' dir='ltr'><em>ziz?</em></span> <span class='ocrx_word' id='word_1_306' title='bbox 1085 2080 1764 2244; x_wconf 53' lang='grc' dir='ltr'><em>’1111ίὲ11*,ἴῒῑῖαῒκαζτκῖ</em></span> <span class='ocrx_word' id='word_1_307' title='bbox 1833 2204 1845 2213; x_wconf 81' lang='grc'>.</span> 
     </span>
     <span class='ocr_line' id='line_1_25' title="bbox 141 2186 1762 2326; baseline 0.002 -21"><span class='ocrx_word' id='word_1_308' title='bbox 141 2240 270 2305; x_wconf 73' lang='lat' dir='ltr'><em>rantibus</em></span> <span class='ocrx_word' id='word_1_309' title='bbox 290 2244 436 2314; x_wconf 87' lang='lat' dir='ltr'><em>Dominis,</em></span> <span class='ocrx_word' id='word_1_310' title='bbox 458 2257 508 2298; x_wconf 87' lang='lat' dir='ltr'><em>aut</em></span> <span class='ocrx_word' id='word_1_311' title='bbox 529 2236 758 2321; x_wconf 66' lang='lat' dir='ltr'><em>insugillratibut,</em></span> <span class='ocrx_word' id='word_1_312' title='bbox 780 2239 830 2300; x_wconf 88' lang='lat' dir='ltr'><em>vel</em></span> <span class='ocrx_word' id='word_1_313' title='bbox 848 2243 932 2303; x_wconf 82' lang='lat' dir='ltr'><em>Sena·</em></span> <span class='ocrx_word' id='word_1_314' title='bbox 973 2239 1052 2315; x_wconf 84' lang='lat' dir='ltr'><em>lum,</em></span> <span class='ocrx_word' id='word_1_315' title='bbox 1072 2242 1139 2324; x_wconf 89' lang='lat' dir='ltr'><em>quia</em></span> <span class='ocrx_word' id='word_1_316' title='bbox 1158 2263 1178 2300; x_wconf 93' lang='lat' dir='ltr'><em>a</em></span> <span class='ocrx_word' id='word_1_317' title='bbox 1199 2186 1271 2326; x_wconf 63' lang='lat' dir='ltr'><em>iege</em></span> <span class='ocrx_word' id='word_1_318' title='bbox 1290 2244 1401 2304; x_wconf 80' lang='lat' dir='ltr'><em>Divitia</em></span> <span class='ocrx_word' id='word_1_319' title='bbox 1423 2288 1433 2319; x_wconf 90' lang='lat'><em>,</em></span> <span class='ocrx_word' id='word_1_320' title='bbox 1453 2243 1492 2307; x_wconf 69' lang='grc'><em>(9</em></span> <span class='ocrx_word' id='word_1_321' title='bbox 1517 2242 1699 2323; x_wconf 69' lang='lat' dir='ltr'><em>Ecckfiajlt&#39;ca</em></span> <span class='ocrx_word' id='word_1_322' title='bbox 1720 2268 1762 2308; x_wconf 86' lang='lat' dir='ltr'><em>re·</em></span> 
     </span>
     <span class='ocr_line' id='line_1_26' title="bbox 143 2318 1821 2407; baseline 0.004 -24"><span class='ocrx_word' id='word_1_323' title='bbox 143 2340 196 2398; x_wconf 85' lang='lat' dir='ltr'><em>tu,</em></span> <span class='ocrx_word' id='word_1_324' title='bbox 217 2341 265 2382; x_wconf 87' lang='lat' dir='ltr'><em>aot</em></span> <span class='ocrx_word' id='word_1_325' title='bbox 280 2322 415 2404; x_wconf 85' lang='lat' dir='ltr'><em>populo,</em></span> <span class='ocrx_word' id='word_1_326' title='bbox 444 2319 593 2398; x_wconf 77' lang='lat' dir='ltr'><em>admiffum</em></span> <span class='ocrx_word' id='word_1_327' title='bbox 607 2321 696 2399; x_wconf 71' lang='lat' dir='ltr'><em>fuerit</em></span> <span class='ocrx_word' id='word_1_328' title='bbox 717 2362 728 2395; x_wconf 92' lang='lat'><em>,</em></span> <span class='ocrx_word' id='word_1_329' title='bbox 750 2318 935 2400; x_wconf 74' lang='lat' dir='ltr'><em>Ecolefiassico</em></span> <span class='ocrx_word' id='word_1_330' title='bbox 968 2318 1133 2404; x_wconf 83' lang='lat' dir='ltr'><em>probatur.</em></span> <span class='ocrx_word' id='word_1_331' title='bbox 1164 2322 1228 2384; x_wconf 88' lang='lat' dir='ltr'><em>Nec</em></span> <span class='ocrx_word' id='word_1_332' title='bbox 1250 2322 1341 2385; x_wconf 84' lang='lat' dir='ltr'><em>etiam</em></span> <span class='ocrx_word' id='word_1_333' title='bbox 1372 2320 1436 2386; x_wconf 81' lang='lat' dir='ltr'><em>illae</em></span> <span class='ocrx_word' id='word_1_334' title='bbox 1456 2322 1608 2402; x_wconf 86' lang='lat' dir='ltr'><em>incurrit,</em></span> <span class='ocrx_word' id='word_1_335' title='bbox 1637 2325 1688 2407; x_wconf 91' lang='lat' dir='ltr'><em>qui</em></span> <span class='ocrx_word' id='word_1_336' title='bbox 1717 2326 1755 2390; x_wconf 84' lang='lat' dir='ltr'><em>fic</em></span> <span class='ocrx_word' id='word_1_337' title='bbox 1783 2326 1821 2392; x_wconf 80' lang='lat' dir='ltr'><em>rt</em></span> 
     </span>
     <span class='ocr_line' id='line_1_27' title="bbox 139 2399 1762 2486; baseline 0.002 -21"><span class='ocrx_word' id='word_1_338' title='bbox 139 2404 195 2484; x_wconf 87' lang='lat' dir='ltr'><em>sup</em></span> <span class='ocrx_word' id='word_1_339' title='bbox 215 2407 321 2464; x_wconf 84' lang='lat' dir='ltr'><em>onimus</em></span> <span class='ocrx_word' id='word_1_340' title='bbox 342 2399 505 2464; x_wconf 69' lang='lat' dir='ltr'><em>interdiflo.</em></span> <span class='ocrx_word' id='word_1_341' title='bbox 975 2401 1146 2486; x_wconf 84' lang='lat' dir='ltr'><em>respondet:</em></span> <span class='ocrx_word' id='word_1_342' title='bbox 1167 2406 1236 2464; x_wconf 76' lang='lat' dir='ltr'><em>sono</em></span> <span class='ocrx_word' id='word_1_343' title='bbox 1254 2402 1409 2481; x_wconf 66' lang='lat' dir='ltr'><em>citiliano,</em></span> <span class='ocrx_word' id='word_1_344' title='bbox 1441 2427 1457 2465; x_wconf 98' lang='lat' dir='ltr'><em>e</em></span> <span class='ocrx_word' id='word_1_345' title='bbox 1483 2429 1534 2467; x_wconf 88' lang='lat' dir='ltr'><em>non</em></span> <span class='ocrx_word' id='word_1_346' title='bbox 1555 2422 1655 2467; x_wconf 77' lang='lat' dir='ltr'><em>acturo</em></span> <span class='ocrx_word' id='word_1_347' title='bbox 1674 2409 1762 2468; x_wconf 85' lang='lat' dir='ltr'><em>Duel-</em></span> 
     </span>
     <span class='ocr_line' id='line_1_28' title="bbox 84 2421 1767 2569; baseline -0.002 -19"><span class='ocrx_word' id='word_1_348' title='bbox 84 2506 123 2569; x_wconf 84' lang='lat'><em>¹3</em></span> <span class='ocrx_word' id='word_1_349' title='bbox 190 2421 297 2558; x_wconf 63' lang='lat' dir='ltr'><em>iunio,</em></span> <span class='ocrx_word' id='word_1_350' title='bbox 320 2483 384 2548; x_wconf 83' lang='lat' dir='ltr'><em>illas</em></span> <span class='ocrx_word' id='word_1_351' title='bbox 405 2502 504 2567; x_wconf 73' lang='lat' dir='ltr'><em>peenas</em></span> <span class='ocrx_word' id='word_1_352' title='bbox 524 2480 675 2549; x_wconf 84' lang='lat' dir='ltr'><em>incurrunt</em></span> <span class='ocrx_word' id='word_1_353' title='bbox 687 2503 789 2549; x_wconf 79' lang='lat' dir='ltr'><em>omnes</em></span> <span class='ocrx_word' id='word_1_354' title='bbox 809 2483 933 2563; x_wconf 81' lang='lat' dir='ltr'><em>scripta,</em></span> <span class='ocrx_word' id='word_1_355' title='bbox 975 2484 1002 2547; x_wconf 90' lang='lat' dir='ltr'><em>lo</em></span> <span class='ocrx_word' id='word_1_356' title='bbox 1022 2507 1070 2546; x_wconf 86' lang='lat' dir='ltr'><em>mo</em></span> <span class='ocrx_word' id='word_1_357' title='bbox 1090 2487 1227 2549; x_wconf 89' lang='lat' dir='ltr'><em>cammino</em></span> <span class='ocrx_word' id='word_1_358' title='bbox 1243 2502 1293 2568; x_wconf 84' lang='lat' dir='ltr'><em>pen</em></span> <span class='ocrx_word' id='word_1_359' title='bbox 1310 2486 1341 2545; x_wconf 88' lang='lat' dir='ltr'><em>la</em></span> <span class='ocrx_word' id='word_1_360' title='bbox 1360 2487 1444 2547; x_wconf 79' lang='lat' dir='ltr'><em>ci‘etu</em></span> <span class='ocrx_word' id='word_1_361' title='bbox 1463 2508 1512 2548; x_wconf 89' lang='lat' dir='ltr'><em>eon</em></span> <span class='ocrx_word' id='word_1_362' title='bbox 1537 2484 1571 2547; x_wconf 92' lang='lat' dir='ltr'><em>la</em></span> <span class='ocrx_word' id='word_1_363' title='bbox 1598 2488 1658 2547; x_wconf 85' lang='lat' dir='ltr'><em>mia</em></span> <span class='ocrx_word' id='word_1_364' title='bbox 1672 2486 1767 2566; x_wconf 71' lang='lat' dir='ltr'><em>spada</em></span> 
     </span>
     <span class='ocr_line' id='line_1_29' title="bbox 144 2561 1767 2649; baseline -0.001 -18"><span class='ocrx_word' id='word_1_365' title='bbox 144 2567 178 2631; x_wconf 74' lang='lat' dir='ltr'><em>dt</em></span> <span class='ocrx_word' id='word_1_366' title='bbox 201 2563 348 2629; x_wconf 82' lang='lat' dir='ltr'><em>manilella</em></span> <span class='ocrx_word' id='word_1_367' title='bbox 367 2564 403 2629; x_wconf 89' lang='lat' dir='ltr'><em>ad</em></span> <span class='ocrx_word' id='word_1_368' title='bbox 433 2561 569 2626; x_wconf 85' lang='lat' dir='ltr'><em>Ducllum</em></span> <span class='ocrx_word' id='word_1_369' title='bbox 590 2566 793 2649; x_wconf 79' lang='lat' dir='ltr'><em>praeparatoria</em></span> <span class='ocrx_word' id='word_1_370' title='bbox 812 2565 935 2631; x_wconf 85' lang='lat' dir='ltr'><em>efficien-</em></span> <span class='ocrx_word' id='word_1_371' title='bbox 971 2565 1063 2647; x_wconf 82' lang='lat' dir='ltr'><em>sola,</em></span> <span class='ocrx_word' id='word_1_372' title='bbox 1096 2592 1111 2628; x_wconf 91' lang='lat' dir='ltr'><em>e</em></span> <span class='ocrx_word' id='word_1_373' title='bbox 1139 2565 1170 2626; x_wconf 84' lang='lat' dir='ltr'><em>la</em></span> <span class='ocrx_word' id='word_1_374' title='bbox 1185 2568 1281 2649; x_wconf 86' lang='lat' dir='ltr'><em>prima</em></span> <span class='ocrx_word' id='word_1_375' title='bbox 1300 2566 1381 2628; x_wconf 79' lang='lat' dir='ltr'><em>volm</em></span> <span class='ocrx_word' id='word_1_376' title='bbox 1411 2562 1459 2628; x_wconf 81' lang='lat' dir='ltr'><em>cle</em></span> <span class='ocrx_word' id='word_1_377' title='bbox 1488 2565 1712 2629; x_wconf 82' lang='lat' dir='ltr'><em>o‘inconteeiemo</em></span> <span class='ocrx_word' id='word_1_378' title='bbox 1729 2568 1767 2629; x_wconf 83' lang='lat' dir='ltr'><em>aii</em></span> 
     </span>
     <span class='ocr_line' id='line_1_30' title="bbox 143 2642 1872 2732; baseline 0.001 -20"><span class='ocrx_word' id='word_1_379' title='bbox 143 2664 218 2725; x_wconf 87' lang='lat' dir='ltr'><em>ies,</em></span> <span class='ocrx_word' id='word_1_380' title='bbox 254 2669 305 2711; x_wconf 89' lang='lat' dir='ltr'><em>nec</em></span> <span class='ocrx_word' id='word_1_381' title='bbox 326 2667 384 2711; x_wconf 89' lang='lat' dir='ltr'><em>non</em></span> <span class='ocrx_word' id='word_1_382' title='bbox 404 2642 597 2726; x_wconf 81' lang='lat' dir='ltr'><em>quascumque</em></span> <span class='ocrx_word' id='word_1_383' title='bbox 626 2647 716 2711; x_wconf 88' lang='lat' dir='ltr'><em>eiiam</em></span> <span class='ocrx_word' id='word_1_384' title='bbox 748 2648 805 2710; x_wconf 84' lang='lat' dir='ltr'><em>fine</em></span> <span class='ocrx_word' id='word_1_385' title='bbox 826 2646 935 2732; x_wconf 88' lang='lat' dir='ltr'><em>scripto</em></span> <span class='ocrx_word' id='word_1_386' title='bbox 975 2647 1042 2710; x_wconf 79' lang='lat' dir='ltr'><em>dero</em></span> <span class='ocrx_word' id='word_1_387' title='bbox 1057 2647 1290 2726; x_wconf 78' lang='lat' dir='ltr'><em>suddissazione.</em></span> <span class='ocrx_word' id='word_1_388' title='bbox 1321 2649 1397 2709; x_wconf 87' lang='lat' dir='ltr'><em>Item</em></span> <span class='ocrx_word' id='word_1_389' title='bbox 1430 2667 1482 2708; x_wconf 88' lang='lat' dir='ltr'><em>nec</em></span> <span class='ocrx_word' id='word_1_390' title='bbox 1502 2667 1601 2729; x_wconf 72' lang='lat' dir='ltr'><em>peenas</em></span> <span class='ocrx_word' id='word_1_391' title='bbox 1632 2648 1695 2711; x_wconf 84' lang='lat' dir='ltr'><em>illas</em></span> <span class='ocrx_word' id='word_1_392' title='bbox 1714 2650 1759 2712; x_wconf 86' lang='lat' dir='ltr'><em>in·</em></span> <span class='ocrx_word' id='word_1_393' title='bbox 1785 2669 1824 2731; x_wconf 78' lang='lat' dir='ltr'><em>ip</em></span> <span class='ocrx_word' id='word_1_394' title='bbox 1847 2642 1872 2650; x_wconf 73' lang='grc'><em>““</em></span> 
     </span>
     <span class='ocr_line' id='line_1_31' title="bbox 142 2723 1763 2822; baseline 0 -31"><span class='ocrx_word' id='word_1_395' title='bbox 142 2727 397 2804; x_wconf 81' lang='lat' dir='ltr'><em>denuntiationes,</em></span> <span class='ocrx_word' id='word_1_396' title='bbox 419 2723 624 2798; x_wconf 80' lang='lat' dir='ltr'><em>narrationes,</em></span> <span class='ocrx_word' id='word_1_397' title='bbox 655 2728 880 2807; x_wconf 76' lang='lat' dir='ltr'><em>declarationes,</em></span> <span class='ocrx_word' id='word_1_398' title='bbox 904 2732 935 2794; x_wconf 81' lang='grc' dir='ltr'><em>δι</em></span> <span class='ocrx_word' id='word_1_399' title='bbox 975 2728 1083 2802; x_wconf 86' lang='lat' dir='ltr'><em>currit,</em></span> <span class='ocrx_word' id='word_1_400' title='bbox 1104 2728 1155 2806; x_wconf 89' lang='lat' dir='ltr'><em>qui</em></span> <span class='ocrx_word' id='word_1_401' title='bbox 1177 2726 1329 2804; x_wconf 81' lang='lat' dir='ltr'><em>postquam</em></span> <span class='ocrx_word' id='word_1_402' title='bbox 1351 2724 1493 2786; x_wconf 77' lang='lat' dir='ltr'><em>dixerat:</em></span> <span class='ocrx_word' id='word_1_403' title='bbox 1527 2728 1763 2822; x_wconf 64' lang='lat' dir='ltr'><em>Quandocumque</em></span> 
     </span>
     <span class='ocr_line' id='line_1_32' title="bbox 142 2804 1764 2891; baseline 0.001 -18"><span class='ocrx_word' id='word_1_404' title='bbox 142 2809 376 2882; x_wconf 78' lang='lat' dir='ltr'><em>testificationes,</em></span> <span class='ocrx_word' id='word_1_405' title='bbox 397 2827 460 2887; x_wconf 81' lang='lat' dir='ltr'><em>qua</em></span> <span class='ocrx_word' id='word_1_406' title='bbox 480 2804 571 2870; x_wconf 88' lang='lat' dir='ltr'><em>etiam</em></span> <span class='ocrx_word' id='word_1_407' title='bbox 593 2808 648 2872; x_wconf 90' lang='lat' dir='ltr'><em>line</em></span> <span class='ocrx_word' id='word_1_408' title='bbox 681 2810 806 2891; x_wconf 75' lang='lat' dir='ltr'><em>expressa</em></span> <span class='ocrx_word' id='word_1_409' title='bbox 828 2830 934 2891; x_wconf 89' lang='lat' dir='ltr'><em>pmvo-</em></span> <span class='ocrx_word' id='word_1_410' title='bbox 974 2829 1090 2891; x_wconf 85' lang='lat' dir='ltr'><em>reperero</em></span> <span class='ocrx_word' id='word_1_411' title='bbox 1108 2824 1137 2865; x_wconf 90' lang='lat' dir='ltr'><em>te</em></span> <span class='ocrx_word' id='word_1_412' title='bbox 1156 2809 1187 2866; x_wconf 90' lang='lat' dir='ltr'><em>in</em></span> <span class='ocrx_word' id='word_1_413' title='bbox 1208 2805 1265 2866; x_wconf 88' lang='lat' dir='ltr'><em>loco</em></span> <span class='ocrx_word' id='word_1_414' title='bbox 1284 2822 1380 2887; x_wconf 85' lang='lat' dir='ltr'><em>apto,</em></span> <span class='ocrx_word' id='word_1_415' title='bbox 1410 2827 1467 2865; x_wconf 87' lang='lat' dir='ltr'><em>rem</em></span> <span class='ocrx_word' id='word_1_416' title='bbox 1487 2828 1573 2868; x_wconf 86' lang='lat' dir='ltr'><em>armrr</em></span> <span class='ocrx_word' id='word_1_417' title='bbox 1591 2808 1764 2888; x_wconf 79' lang='lat' dir='ltr'><em>decidemus,</em></span> 
     </span>
     <span class='ocr_line' id='line_1_33' title="bbox 147 2884 1764 2972; baseline 0.001 -19"><span class='ocrx_word' id='word_1_418' title='bbox 147 2888 263 2953; x_wconf 84' lang='lat' dir='ltr'><em>catione</em></span> <span class='ocrx_word' id='word_1_419' title='bbox 284 2889 320 2951; x_wconf 89' lang='lat' dir='ltr'><em>ad</em></span> <span class='ocrx_word' id='word_1_420' title='bbox 340 2907 486 2953; x_wconf 81' lang='lat' dir='ltr'><em>certamen</em></span> <span class='ocrx_word' id='word_1_421' title='bbox 509 2889 679 2966; x_wconf 86' lang='lat' dir='ltr'><em>materiam,</em></span> <span class='ocrx_word' id='word_1_422' title='bbox 702 2892 733 2953; x_wconf 74' lang='grc' dir='ltr'><em>δι</em></span> <span class='ocrx_word' id='word_1_423' title='bbox 756 2892 931 2955; x_wconf 70' lang='lat' dir='ltr'><em>occasionem</em></span> <span class='ocrx_word' id='word_1_424' title='bbox 972 2889 1067 2969; x_wconf 79' lang='lat' dir='ltr'><em>postea</em></span> <span class='ocrx_word' id='word_1_425' title='bbox 1087 2884 1154 2947; x_wconf 86' lang='lat' dir='ltr'><em>data</em></span> <span class='ocrx_word' id='word_1_426' title='bbox 1175 2885 1322 2950; x_wconf 73' lang='lat' dir='ltr'><em>occasione</em></span> <span class='ocrx_word' id='word_1_427' title='bbox 1349 2905 1415 2948; x_wconf 88' lang='lat' dir='ltr'><em>cum</em></span> <span class='ocrx_word' id='word_1_428' title='bbox 1449 2884 1570 2964; x_wconf 85' lang='lat' dir='ltr'><em>altero,</em></span> <span class='ocrx_word' id='word_1_429' title='bbox 1602 2891 1653 2972; x_wconf 90' lang='lat' dir='ltr'><em>qui</em></span> <span class='ocrx_word' id='word_1_430' title='bbox 1681 2891 1712 2954; x_wconf 79' lang='grc' dir='ltr'><em>δι</em></span> <span class='ocrx_word' id='word_1_431' title='bbox 1733 2891 1764 2954; x_wconf 83' lang='lat' dir='ltr'><em>id</em></span> 
     </span>
     <span class='ocr_line' id='line_1_34' title="bbox 143 2965 1765 3059; baseline 0.002 -30"><span class='ocrx_word' id='word_1_432' title='bbox 143 2969 292 3051; x_wconf 86' lang='lat' dir='ltr'><em>praebent;</em></span> <span class='ocrx_word' id='word_1_433' title='bbox 316 2969 356 3032; x_wconf 85' lang='lat' dir='ltr'><em>Et</em></span> <span class='ocrx_word' id='word_1_434' title='bbox 378 2968 443 3033; x_wconf 84' lang='lat' dir='ltr'><em>illas</em></span> <span class='ocrx_word' id='word_1_435' title='bbox 463 2988 564 3051; x_wconf 82' lang='lat' dir='ltr'><em>poenas</em></span> <span class='ocrx_word' id='word_1_436' title='bbox 586 2969 736 3032; x_wconf 85' lang='lat' dir='ltr'><em>incurrunt</em></span> <span class='ocrx_word' id='word_1_437' title='bbox 762 2989 880 3039; x_wconf 88' lang='lat' dir='ltr'><em>omnes,</em></span> <span class='ocrx_word' id='word_1_438' title='bbox 902 2967 933 3025; x_wconf 82' lang='grc' dir='ltr'><em>δι</em></span> <span class='ocrx_word' id='word_1_439' title='bbox 972 2982 1175 3059; x_wconf 77' lang='lat' dir='ltr'><em>acceptaverat</em></span> <span class='ocrx_word' id='word_1_440' title='bbox 1196 3010 1205 3042; x_wconf 91' lang='lat'><em>,</em></span> <span class='ocrx_word' id='word_1_441' title='bbox 1225 2965 1260 3028; x_wconf 88' lang='lat' dir='ltr'><em>de</em></span> <span class='ocrx_word' id='word_1_442' title='bbox 1281 2965 1356 3029; x_wconf 72' lang='lat' dir='ltr'><em>saiso</em></span> <span class='ocrx_word' id='word_1_443' title='bbox 1388 2968 1601 3050; x_wconf 71' lang='lat' dir='ltr'><em>congrediturc</em></span> <span class='ocrx_word' id='word_1_444' title='bbox 1629 2969 1700 3050; x_wconf 88' lang='lat' dir='ltr'><em>quia</em></span> <span class='ocrx_word' id='word_1_445' title='bbox 1730 2970 1765 3035; x_wconf 87' lang='lat' dir='ltr'><em>iii</em></span> 
     </span>
     <span class='ocr_line' id='line_1_35' title="bbox 143 3042 1764 3130; baseline 0.003 -22"><span class='ocrx_word' id='word_1_446' title='bbox 143 3047 268 3126; x_wconf 82' lang='lat' dir='ltr'><em>singuli,</em></span> <span class='ocrx_word' id='word_1_447' title='bbox 290 3049 340 3129; x_wconf 91' lang='lat' dir='ltr'><em>qui</em></span> <span class='ocrx_word' id='word_1_448' title='bbox 362 3047 435 3125; x_wconf 86' lang='lat' dir='ltr'><em>suo,</em></span> <span class='ocrx_word' id='word_1_449' title='bbox 456 3049 502 3111; x_wconf 87' lang='lat' dir='ltr'><em>vel</em></span> <span class='ocrx_word' id='word_1_450' title='bbox 525 3047 619 3110; x_wconf 87' lang='lat' dir='ltr'><em>alieno</em></span> <span class='ocrx_word' id='word_1_451' title='bbox 640 3047 758 3107; x_wconf 88' lang='lat' dir='ltr'><em>nomine</em></span> <span class='ocrx_word' id='word_1_452' title='bbox 786 3042 931 3116; x_wconf 89' lang='lat' dir='ltr'><em>bujulmo·</em></span> <span class='ocrx_word' id='word_1_453' title='bbox 972 3047 1110 3109; x_wconf 76' lang='lat' dir='ltr'><em>omnebus</em></span> <span class='ocrx_word' id='word_1_454' title='bbox 1138 3045 1266 3109; x_wconf 73' lang='lat' dir='ltr'><em>adduiiis</em></span> <span class='ocrx_word' id='word_1_455' title='bbox 1296 3045 1433 3122; x_wconf 85' lang='lat' dir='ltr'><em>casibus,</em></span> <span class='ocrx_word' id='word_1_456' title='bbox 1466 3069 1525 3110; x_wconf 89' lang='lat' dir='ltr'><em>non</em></span> <span class='ocrx_word' id='word_1_457' title='bbox 1553 3045 1609 3110; x_wconf 88' lang='lat' dir='ltr'><em>fuit</em></span> <span class='ocrx_word' id='word_1_458' title='bbox 1638 3047 1764 3130; x_wconf 77' lang='lat' dir='ltr'><em>deogra-</em></span> 
     </span>
     <span class='ocr_line' id='line_1_36' title="bbox 143 3122 1763 3222; baseline 0.001 -33"><span class='ocrx_word' id='word_1_459' title='bbox 143 3128 174 3189; x_wconf 91' lang='lat' dir='ltr'><em>di</em></span> <span class='ocrx_word' id='word_1_460' title='bbox 197 3124 302 3208; x_wconf 88' lang='lat' dir='ltr'><em>scripta</em></span> <span class='ocrx_word' id='word_1_461' title='bbox 322 3127 524 3198; x_wconf 64' lang='lat' dir='ltr'><em>disteterint,</em></span> <span class='ocrx_word' id='word_1_462' title='bbox 555 3122 795 3206; x_wconf 87' lang='lat' dir='ltr'><em>composuerint,</em></span> <span class='ocrx_word' id='word_1_463' title='bbox 819 3122 931 3208; x_wconf 86' lang='lat' dir='ltr'><em>scripse·</em></span> <span class='ocrx_word' id='word_1_464' title='bbox 973 3144 1022 3190; x_wconf 81' lang='lat' dir='ltr'><em>tus</em></span> <span class='ocrx_word' id='word_1_465' title='bbox 1043 3126 1141 3200; x_wconf 84' lang='lat' dir='ltr'><em>locus,</em></span> <span class='ocrx_word' id='word_1_466' title='bbox 1163 3127 1196 3190; x_wconf 77' lang='grc' dir='ltr'><em>δι</em></span> <span class='ocrx_word' id='word_1_467' title='bbox 1214 3143 1347 3210; x_wconf 88' lang='lat' dir='ltr'><em>tempus,</em></span> <span class='ocrx_word' id='word_1_468' title='bbox 1369 3144 1457 3222; x_wconf 88' lang='lat' dir='ltr'><em>prout</em></span> <span class='ocrx_word' id='word_1_469' title='bbox 1478 3129 1513 3190; x_wconf 86' lang='lat' dir='ltr'><em>ad</em></span> <span class='ocrx_word' id='word_1_470' title='bbox 1535 3128 1676 3191; x_wconf 86' lang='lat' dir='ltr'><em>rationein</em></span> <span class='ocrx_word' id='word_1_471' title='bbox 1700 3128 1763 3192; x_wconf 87' lang='lat' dir='ltr'><em>veri</em></span> 
     </span>
     <span class='ocr_line' id='line_1_37' title="bbox 144 3202 1764 3303; baseline 0.002 -36"><span class='ocrx_word' id='word_1_472' title='bbox 144 3204 225 3280; x_wconf 86' lang='lat' dir='ltr'><em>rint,</em></span> <span class='ocrx_word' id='word_1_473' title='bbox 247 3204 397 3281; x_wconf 89' lang='lat' dir='ltr'><em>miserint,</em></span> <span class='ocrx_word' id='word_1_474' title='bbox 417 3202 595 3280; x_wconf 80' lang='lat' dir='ltr'><em>detulerint,</em></span> <span class='ocrx_word' id='word_1_475' title='bbox 625 3203 870 3303; x_wconf 62' lang='lat' dir='ltr'><em>divulgaverint,</em></span> <span class='ocrx_word' id='word_1_476' title='bbox 892 3203 932 3269; x_wconf 84' lang='lat' dir='ltr'><em>ai·</em></span> <span class='ocrx_word' id='word_1_477' title='bbox 975 3205 1065 3270; x_wconf 80' lang='lat' dir='ltr'><em>duelli</em></span> <span class='ocrx_word' id='word_1_478' title='bbox 1098 3206 1253 3277; x_wconf 76' lang='lat' dir='ltr'><em>requiritur</em></span> <span class='ocrx_word' id='word_1_479' title='bbox 1284 3231 1317 3273; x_wconf 89' lang='lat' dir='ltr'><em>eir</em></span> <span class='ocrx_word' id='word_1_480' title='bbox 1352 3224 1404 3270; x_wconf 87' lang='lat' dir='ltr'><em>cit.</em></span> <span class='ocrx_word' id='word_1_481' title='bbox 1434 3208 1593 3271; x_wconf 88' lang='lat' dir='ltr'><em>Conllitut.</em></span> <span class='ocrx_word' id='word_1_482' title='bbox 1624 3209 1764 3282; x_wconf 72' lang='lat' dir='ltr'><em>Grerorii</em></span> 
     </span>
     <span class='ocr_line' id='line_1_38' title="bbox 144 3285 1767 3370; baseline 0.001 -21"><span class='ocrx_word' id='word_1_483' title='bbox 144 3285 279 3361; x_wconf 82' lang='lat' dir='ltr'><em>fixerint,</em></span> <span class='ocrx_word' id='word_1_484' title='bbox 311 3285 567 3366; x_wconf 85' lang='lat' dir='ltr'><em>exemplaverint,</em></span> <span class='ocrx_word' id='word_1_485' title='bbox 603 3286 682 3369; x_wconf 87' lang='lat' dir='ltr'><em>typis</em></span> <span class='ocrx_word' id='word_1_486' title='bbox 712 3286 934 3364; x_wconf 74' lang='lat' dir='ltr'><em>impresserint,</em></span> <span class='ocrx_word' id='word_1_487' title='bbox 976 3287 1301 3352; x_wconf 62' lang='lat' dir='ltr'><em>illitteratorum</em></span> <span class='ocrx_word' id='word_1_488' title='bbox 1329 3289 1424 3351; x_wconf 87' lang='lat' dir='ltr'><em>v111.</em></span> <span class='ocrx_word' id='word_1_489' title='bbox 1444 3290 1474 3365; x_wconf 85' lang='lat'><em>§.</em></span> <span class='ocrx_word' id='word_1_490' title='bbox 1498 3311 1525 3370; x_wconf 85' lang='lat'><em>3.</em></span> <span class='ocrx_word' id='word_1_491' title='bbox 1557 3288 1627 3351; x_wconf 81' lang='lat' dir='ltr'><em>ibi:</em></span> <span class='ocrx_word' id='word_1_492' title='bbox 1658 3296 1767 3353; x_wconf 83' lang='lat' dir='ltr'><em>statuto</em></span> 
     </span>
     <span class='ocr_line' id='line_1_39' title="bbox 146 3366 1767 3451; baseline 0.002 -22"><span class='ocrx_word' id='word_1_493' title='bbox 146 3366 379 3450; x_wconf 84' lang='lat' dir='ltr'><em>subscripserint,</em></span> <span class='ocrx_word' id='word_1_494' title='bbox 400 3367 636 3444; x_wconf 88' lang='lat' dir='ltr'><em>intimaverint,</em></span> <span class='ocrx_word' id='word_1_495' title='bbox 667 3368 712 3431; x_wconf 86' lang='lat' dir='ltr'><em>vel</em></span> <span class='ocrx_word' id='word_1_496' title='bbox 736 3369 825 3433; x_wconf 86' lang='lat' dir='ltr'><em>etiam</em></span> <span class='ocrx_word' id='word_1_497' title='bbox 846 3367 936 3434; x_wconf 86' lang='lat' dir='ltr'><em>verbo</em></span> <span class='ocrx_word' id='word_1_498' title='bbox 978 3385 1125 3451; x_wconf 88' lang='lat' dir='ltr'><em>tempore,</em></span> <span class='ocrx_word' id='word_1_499' title='bbox 1159 3369 1197 3432; x_wconf 70' lang='grc' dir='ltr'><em>(α</em></span> <span class='ocrx_word' id='word_1_500' title='bbox 1226 3373 1257 3430; x_wconf 90' lang='lat' dir='ltr'><em>in</em></span> <span class='ocrx_word' id='word_1_501' title='bbox 1277 3371 1332 3430; x_wconf 87' lang='lat' dir='ltr'><em>loco</em></span> <span class='ocrx_word' id='word_1_502' title='bbox 1354 3390 1511 3443; x_wconf 76' lang='lat' dir='ltr'><em>contemto,</em></span> <span class='ocrx_word' id='word_1_503' title='bbox 1545 3369 1577 3432; x_wconf 78' lang='lat' dir='ltr'><em>tr</em></span> <span class='ocrx_word' id='word_1_504' title='bbox 1606 3370 1767 3435; x_wconf 88' lang='lat' dir='ltr'><em>declaravit</em></span> 
     </span>
     <span class='ocr_line' id='line_1_40' title="bbox 145 3446 1765 3531; baseline 0.001 -20"><span class='ocrx_word' id='word_1_505' title='bbox 145 3447 397 3524; x_wconf 83' lang='lat' dir='ltr'><em>denunciaverint,</em></span> <span class='ocrx_word' id='word_1_506' title='bbox 420 3449 476 3512; x_wconf 83' lang='lat' dir='ltr'><em>five</em></span> <span class='ocrx_word' id='word_1_507' title='bbox 497 3448 624 3514; x_wconf 76' lang='lat' dir='ltr'><em>attestati</em></span> <span class='ocrx_word' id='word_1_508' title='bbox 644 3446 773 3525; x_wconf 83' lang='lat' dir='ltr'><em>fuerint,</em></span> <span class='ocrx_word' id='word_1_509' title='bbox 805 3452 836 3513; x_wconf 75' lang='grc' dir='ltr'><strong>ἃ</strong></span> <span class='ocrx_word' id='word_1_510' title='bbox 865 3449 932 3528; x_wconf 90' lang='lat' dir='ltr'><em>illi,</em></span> <span class='ocrx_word' id='word_1_511' title='bbox 974 3455 1037 3514; x_wconf 77' lang='lat' dir='ltr'><em>sec.</em></span> <span class='ocrx_word' id='word_1_512' title='bbox 1058 3457 1117 3514; x_wconf 91' lang='lat' dir='ltr'><em>Con</em></span> <span class='ocrx_word' id='word_1_513' title='bbox 1149 3453 1238 3522; x_wconf 72' lang='lat' dir='ltr'><em>erario</em></span> <span class='ocrx_word' id='word_1_514' title='bbox 1263 3453 1370 3513; x_wconf 88' lang='lat' dir='ltr'><em>Concil.</em></span> <span class='ocrx_word' id='word_1_515' title='bbox 1392 3455 1422 3512; x_wconf 90' lang='lat' dir='ltr'><em>in</em></span> <span class='ocrx_word' id='word_1_516' title='bbox 1443 3453 1558 3514; x_wconf 79' lang='lat' dir='ltr'><em>Nullius</em></span> <span class='ocrx_word' id='word_1_517' title='bbox 1596 3472 1641 3531; x_wconf 85' lang='lat'><em>¹5·</em></span> <span class='ocrx_word' id='word_1_518' title='bbox 1664 3449 1765 3514; x_wconf 72' lang='lat' dir='ltr'><em>Oslob.</em></span> 
     </span>
     <span class='ocr_line' id='line_1_41' title="bbox 144 3528 1764 3627; baseline 0.002 -36"><span class='ocrx_word' id='word_1_519' title='bbox 144 3530 198 3611; x_wconf 89' lang='lat' dir='ltr'><em>qui</em></span> <span class='ocrx_word' id='word_1_520' title='bbox 219 3529 255 3590; x_wconf 89' lang='lat' dir='ltr'><em>ad</em></span> <span class='ocrx_word' id='word_1_521' title='bbox 274 3530 392 3610; x_wconf 88' lang='lat' dir='ltr'><em>aliquod</em></span> <span class='ocrx_word' id='word_1_522' title='bbox 412 3529 517 3590; x_wconf 88' lang='lat' dir='ltr'><em>borum</em></span> <span class='ocrx_word' id='word_1_523' title='bbox 548 3528 720 3607; x_wconf 81' lang='lat' dir='ltr'><em>auxilium,</em></span> <span class='ocrx_word' id='word_1_524' title='bbox 749 3529 899 3594; x_wconf 83' lang='lat' dir='ltr'><em>consilium</em></span> <span class='ocrx_word' id='word_1_525' title='bbox 923 3577 931 3608; x_wconf 91' lang='lat'><em>,</em></span> <span class='ocrx_word' id='word_1_526' title='bbox 978 3537 1065 3610; x_wconf 85' lang='lat'>1644.</span> <span class='ocrx_word' id='word_1_527' title='bbox 1085 3536 1110 3594; x_wconf 89' lang='lat' dir='ltr'><em>li</em></span> <span class='ocrx_word' id='word_1_528' title='bbox 1129 3576 1138 3594; x_wconf 85' lang='lat'><strong>.</strong></span> <span class='ocrx_word' id='word_1_529' title='bbox 1157 3552 1200 3606; x_wconf 90' lang='lat' dir='ltr'><em>t7.</em></span> <span class='ocrx_word' id='word_1_530' title='bbox 1223 3534 1323 3595; x_wconf 82' lang='lat' dir='ltr'><em>decret.</em></span> <span class='ocrx_word' id='word_1_531' title='bbox 1340 3532 1394 3611; x_wconf 78' lang='lat' dir='ltr'><em>fol.</em></span> <span class='ocrx_word' id='word_1_532' title='bbox 1412 3535 1479 3610; x_wconf 79' lang='lat'>360.</span> <span class='ocrx_word' id='word_1_533' title='bbox 1503 3531 1542 3594; x_wconf 68' lang='grc' dir='ltr'><em>(α’</em></span> <span class='ocrx_word' id='word_1_534' title='bbox 1573 3535 1637 3593; x_wconf 77' lang='lat' dir='ltr'><em>Sao.</em></span> <span class='ocrx_word' id='word_1_535' title='bbox 1659 3536 1764 3627; x_wconf 69' lang='lat' dir='ltr'><em>conpr.</em></span> 
     </span>
     <span class='ocr_line' id='line_1_42' title="bbox 21 3609 1765 3706; baseline -0.001 -31"><span class='ocrx_word' id='word_1_536' title='bbox 21 3688 22 3696; x_wconf 8' lang='grc' dir='ltr'>ἵ</span> <span class='ocrx_word' id='word_1_537' title='bbox 144 3629 265 3706; x_wconf 86' lang='lat' dir='ltr'><em>operam</em></span> <span class='ocrx_word' id='word_1_538' title='bbox 285 3654 295 3684; x_wconf 89' lang='lat'><em>,</em></span> <span class='ocrx_word' id='word_1_539' title='bbox 318 3610 363 3673; x_wconf 86' lang='lat' dir='ltr'><em>vel</em></span> <span class='ocrx_word' id='word_1_540' title='bbox 385 3609 516 3674; x_wconf 84' lang='lat' dir='ltr'><em>savorem</em></span> <span class='ocrx_word' id='word_1_541' title='bbox 539 3610 737 3696; x_wconf 85' lang='lat' dir='ltr'><em>piaelliteriot,</em></span> <span class='ocrx_word' id='word_1_542' title='bbox 769 3613 825 3677; x_wconf 88' lang='lat' dir='ltr'><em>sive</em></span> <span class='ocrx_word' id='word_1_543' title='bbox 846 3610 933 3677; x_wconf 87' lang='lat' dir='ltr'><em>suale-</em></span> <span class='ocrx_word' id='word_1_544' title='bbox 978 3618 1097 3677; x_wconf 85' lang='lat' dir='ltr'><em>immun.</em></span> <span class='ocrx_word' id='word_1_545' title='bbox 1117 3633 1161 3690; x_wconf 73' lang='lat'><em>1³·</em></span> <span class='ocrx_word' id='word_1_546' title='bbox 1184 3609 1314 3675; x_wconf 70' lang='lat' dir='ltr'><em>februar.</em></span> <span class='ocrx_word' id='word_1_547' title='bbox 1335 3633 1423 3690; x_wconf 75' lang='lat'><strong>¹70³·</strong></span> <span class='ocrx_word' id='word_1_548' title='bbox 1446 3612 1475 3673; x_wconf 89' lang='lat' dir='ltr'><em>in</em></span> <span class='ocrx_word' id='word_1_549' title='bbox 1509 3610 1575 3674; x_wconf 83' lang='lat' dir='ltr'><em>casu</em></span> <span class='ocrx_word' id='word_1_550' title='bbox 1604 3613 1765 3688; x_wconf 76' lang='lat' dir='ltr'><em>graviori,</em></span> 
     </span>
     <span class='ocr_line' id='line_1_43' title="bbox 21 3689 1764 3774; baseline 0.002 -22"><span class='ocrx_word' id='word_1_551' title='bbox 21 3699 23 3718; x_wconf 64' lang='lat'>⁸</span> <span class='ocrx_word' id='word_1_552' title='bbox 146 3707 227 3764; x_wconf 90' lang='lat' dir='ltr'><em>rint,</em></span> <span class='ocrx_word' id='word_1_553' title='bbox 250 3691 478 3768; x_wconf 79' lang='lat' dir='ltr'><em>mandaverint,</em></span> <span class='ocrx_word' id='word_1_554' title='bbox 508 3711 558 3756; x_wconf 88' lang='lat' dir='ltr'><em>aut</em></span> <span class='ocrx_word' id='word_1_555' title='bbox 588 3693 810 3771; x_wconf 84' lang='lat' dir='ltr'><em>quomodolibet</em></span> <span class='ocrx_word' id='word_1_556' title='bbox 831 3691 858 3755; x_wconf 89' lang='lat' dir='ltr'><em>se</em></span> <span class='ocrx_word' id='word_1_557' title='bbox 879 3694 933 3756; x_wconf 91' lang='lat' dir='ltr'><em>im·</em></span> <span class='ocrx_word' id='word_1_558' title='bbox 974 3716 1064 3774; x_wconf 89' lang='lat' dir='ltr'><em>quam</em></span> <span class='ocrx_word' id='word_1_559' title='bbox 1087 3692 1116 3756; x_wconf 89' lang='lat' dir='ltr'><em>sn</em></span> <span class='ocrx_word' id='word_1_560' title='bbox 1138 3691 1236 3754; x_wconf 73' lang='lat' dir='ltr'><em>indicti</em></span> <span class='ocrx_word' id='word_1_561' title='bbox 1261 3737 1271 3769; x_wconf 90' lang='lat'><em>,</em></span> <span class='ocrx_word' id='word_1_562' title='bbox 1302 3709 1334 3754; x_wconf 91' lang='lat' dir='ltr'><em>ut</em></span> <span class='ocrx_word' id='word_1_563' title='bbox 1365 3707 1445 3773; x_wconf 84' lang='lat' dir='ltr'><em>patet</em></span> <span class='ocrx_word' id='word_1_564' title='bbox 1467 3691 1496 3750; x_wconf 90' lang='lat' dir='ltr'><em>in</em></span> <span class='ocrx_word' id='word_1_565' title='bbox 1517 3689 1642 3751; x_wconf 85' lang='lat' dir='ltr'><em>articulo</em></span> <span class='ocrx_word' id='word_1_566' title='bbox 1661 3711 1764 3772; x_wconf 78' lang='lat' dir='ltr'><em>prace-</em></span> 
     </span>
     <span class='ocr_line' id='line_1_44' title="bbox 83 3713 1762 3862; baseline -0.002 -27"><span class='ocrx_word' id='word_1_567' title='bbox 83 3791 86 3796; x_wconf 74' lang='grc'><em>’</em></span> <span class='ocrx_word' id='word_1_568' title='bbox 144 3769 343 3847; x_wconf 88' lang='lat' dir='ltr'><em>miscuerint,</em></span> <span class='ocrx_word' id='word_1_569' title='bbox 373 3771 484 3837; x_wconf 76' lang='lat' dir='ltr'><em>etiamst</em></span> <span class='ocrx_word' id='word_1_570' title='bbox 504 3793 597 3855; x_wconf 85' lang='lat' dir='ltr'><em>neque</em></span> <span class='ocrx_word' id='word_1_571' title='bbox 617 3792 712 3855; x_wconf 83' lang='lat' dir='ltr'><em>pugna</em></span> <span class='ocrx_word' id='word_1_572' title='bbox 732 3772 849 3855; x_wconf 88' lang='lat' dir='ltr'><em>aliqua,</em></span> <span class='ocrx_word' id='word_1_573' title='bbox 882 3795 933 3838; x_wconf 89' lang='lat' dir='ltr'><em>nec</em></span> <span class='ocrx_word' id='word_1_574' title='bbox 973 3776 1054 3840; x_wconf 86' lang='lat' dir='ltr'><em>denti</em></span> <span class='ocrx_word' id='word_1_575' title='bbox 1072 3713 1137 3854; x_wconf 56' lang='lat' dir='ltr'><em>lud</em></span> <span class='ocrx_word' id='word_1_576' title='bbox 1144 3797 1221 3837; x_wconf 87' lang='lat' dir='ltr'><em>num.</em></span> <span class='ocrx_word' id='word_1_577' title='bbox 1231 3793 1261 3849; x_wconf 86' lang='lat'><em>4.</em></span> <span class='ocrx_word' id='word_1_578' title='bbox 1285 3792 1343 3834; x_wconf 86' lang='lat' dir='ltr'><em>oon</em></span> <span class='ocrx_word' id='word_1_579' title='bbox 1365 3786 1501 3862; x_wconf 66' lang='lat' dir='ltr'><em>attento,</em></span> <span class='ocrx_word' id='word_1_580' title='bbox 1521 3770 1599 3850; x_wconf 85' lang='lat' dir='ltr'><em>quod</em></span> <span class='ocrx_word' id='word_1_581' title='bbox 1614 3769 1676 3831; x_wconf 86' lang='lat' dir='ltr'><em>tale</em></span> <span class='ocrx_word' id='word_1_582' title='bbox 1696 3769 1762 3833; x_wconf 88' lang='lat' dir='ltr'><em>scri·</em></span> 
     </span>
     <span class='ocr_line' id='line_1_45' title="bbox 21 3847 1760 3938; baseline -0.002 -23"><span class='ocrx_word' id='word_1_583' title='bbox 21 3851 24 3886; x_wconf 63' lang='lat'>³</span> <span class='ocrx_word' id='word_1_584' title='bbox 146 3851 535 3931; x_wconf 71' lang='lat' dir='ltr'><em>certamen,auteffe6ius‚</em></span> <span class='ocrx_word' id='word_1_585' title='bbox 558 3854 934 3930; x_wconf 60' lang='lat' dir='ltr'><em>nocentissimorum</em></span> <span class='ocrx_word' id='word_1_586' title='bbox 974 3857 1042 3922; x_wconf 83' lang='lat' dir='ltr'><em>bens</em></span> <span class='ocrx_word' id='word_1_587' title='bbox 1063 3854 1241 3938; x_wconf 84' lang='lat' dir='ltr'><em>Vigliettum</em></span> <span class='ocrx_word' id='word_1_588' title='bbox 1273 3849 1385 3914; x_wconf 82' lang='lat' dir='ltr'><em>dixillet</em></span> <span class='ocrx_word' id='word_1_589' title='bbox 1416 3847 1557 3938; x_wconf 85' lang='lat' dir='ltr'><em>Portitori</em></span> <span class='ocrx_word' id='word_1_590' title='bbox 1592 3849 1675 3931; x_wconf 86' lang='lat' dir='ltr'><em>ipsius</em></span> <span class='ocrx_word' id='word_1_591' title='bbox 1705 3850 1760 3912; x_wconf 88' lang='lat' dir='ltr'><em>Vi·</em></span> 
     </span>
     <span class='ocr_line' id='line_1_46' title="bbox 21 3928 1764 4072; baseline -0.005 -70"><span class='ocrx_word' id='word_1_592' title='bbox 21 3935 25 3971; x_wconf 81' lang='lat'>²</span> <span class='ocrx_word' id='word_1_593' title='bbox 146 3937 182 4001; x_wconf 87' lang='lat' dir='ltr'><em>ad</em></span> <span class='ocrx_word' id='word_1_594' title='bbox 193 3953 322 4018; x_wconf 83' lang='lat' dir='ltr'><em>pugnam</em></span> <span class='ocrx_word' id='word_1_595' title='bbox 343 3933 510 4029; x_wconf 80' lang='lat' dir='ltr'><em>protimus,</em></span> <span class='ocrx_word' id='word_1_596' title='bbox 531 3955 628 4028; x_wconf 77' lang='lat' dir='ltr'><em>neque</em></span> <span class='ocrx_word' id='word_1_597' title='bbox 643 3935 782 4017; x_wconf 77' lang='lat' dir='ltr'><em>expressa,</em></span> <span class='ocrx_word' id='word_1_598' title='bbox 804 3937 836 3998; x_wconf 79' lang='grc' dir='ltr'><em>δι</em></span> <span class='ocrx_word' id='word_1_599' title='bbox 853 3957 932 4017; x_wconf 89' lang='lat' dir='ltr'><em>aper·</em></span> <span class='ocrx_word' id='word_1_600' title='bbox 996 3936 1106 4012; x_wconf 77' lang='lat' dir='ltr'><em>liniti,</em></span> <span class='ocrx_word' id='word_1_601' title='bbox 1135 3935 1214 4018; x_wconf 90' lang='lat' dir='ltr'><em>quod</em></span> <span class='ocrx_word' id='word_1_602' title='bbox 1244 3930 1412 4027; x_wconf 31' lang='lat' dir='ltr'><em>responsum.</em></span> <span class='ocrx_word' id='word_1_603' title='bbox 1437 3929 1603 4072; x_wconf 69' lang='lat' dir='ltr'><em>erptilabat</em></span> <span class='ocrx_word' id='word_1_604' title='bbox 1634 3928 1663 3990; x_wconf 89' lang='lat' dir='ltr'><em>in</em></span> <span class='ocrx_word' id='word_1_605' title='bbox 1692 3950 1764 4010; x_wconf 90' lang='lat' dir='ltr'><em>qua·</em></span> 
     </span>
     <span class='ocr_line' id='line_1_47' title="bbox 20 3960 1764 4100; baseline -0.001 -28"><span class='ocrx_word' id='word_1_606' title='bbox 20 4013 28 4072; x_wconf 86' lang='lat' dir='ltr'><em>l</em></span> <span class='ocrx_word' id='word_1_607' title='bbox 147 4036 180 4081; x_wconf 85' lang='lat' dir='ltr'><em>ta</em></span> <span class='ocrx_word' id='word_1_608' title='bbox 200 4033 374 4098; x_wconf 88' lang='lat' dir='ltr'><em>provocatio</em></span> <span class='ocrx_word' id='word_1_609' title='bbox 396 4013 540 4079; x_wconf 88' lang='lat' dir='ltr'><em>subsecuta</em></span> <span class='ocrx_word' id='word_1_610' title='bbox 559 4016 663 4090; x_wconf 88' lang='lat' dir='ltr'><em>suerit,</em></span> <span class='ocrx_word' id='word_1_611' title='bbox 686 4035 777 4097; x_wconf 87' lang='lat' dir='ltr'><em>neque</em></span> <span class='ocrx_word' id='word_1_612' title='bbox 802 4015 933 4100; x_wconf 83' lang='lat' dir='ltr'><em>scriptio·</em></span> <span class='ocrx_word' id='word_1_613' title='bbox 974 3960 1041 4081; x_wconf 70' lang='lat' dir='ltr'><em>iam</em></span> <span class='ocrx_word' id='word_1_614' title='bbox 1067 4015 1257 4079; x_wconf 83' lang='lat' dir='ltr'><em>Aromataria</em></span> <span class='ocrx_word' id='word_1_615' title='bbox 1277 4059 1287 4092; x_wconf 88' lang='lat'><em>,</em></span> <span class='ocrx_word' id='word_1_616' title='bbox 1306 4036 1342 4077; x_wconf 92' lang='lat' dir='ltr'><em>eo</em></span> <span class='ocrx_word' id='word_1_617' title='bbox 1362 4033 1463 4096; x_wconf 89' lang='lat' dir='ltr'><em>quiai</em></span> <span class='ocrx_word' id='word_1_618' title='bbox 1524 4011 1612 4075; x_wconf 86' lang='lat' dir='ltr'><em>verba</em></span> <span class='ocrx_word' id='word_1_619' title='bbox 1633 4010 1764 4093; x_wconf 75' lang='lat' dir='ltr'><em>exposit-</em></span> 
     </span>
     <span class='ocr_line' id='line_1_48' title="bbox 21 4090 1764 4180; baseline -0.005 -18"><span class='ocrx_word' id='word_1_620' title='bbox 21 4099 29 4136; x_wconf 60' lang='lat' dir='ltr'><em>i</em></span> <span class='ocrx_word' id='word_1_621' title='bbox 148 4119 196 4162; x_wconf 84' lang='lat' dir='ltr'><em>nes</em></span> <span class='ocrx_word' id='word_1_622' title='bbox 217 4097 373 4179; x_wconf 66' lang='lat' dir='ltr'><em>madiae,</em></span> <span class='ocrx_word' id='word_1_623' title='bbox 394 4116 458 4178; x_wconf 78' lang='lat' dir='ltr'><em>qna</em></span> <span class='ocrx_word' id='word_1_624' title='bbox 478 4096 635 4161; x_wconf 81' lang='lat' dir='ltr'><em>Manifesta</em></span> <span class='ocrx_word' id='word_1_625' title='bbox 654 4096 810 4172; x_wconf 85' lang='lat' dir='ltr'><em>dicuntur,</em></span> <span class='ocrx_word' id='word_1_626' title='bbox 831 4096 861 4158; x_wconf 91' lang='lat' dir='ltr'><em>in</em></span> <span class='ocrx_word' id='word_1_627' title='bbox 882 4119 932 4180; x_wconf 89' lang='lat' dir='ltr'><em>pu·</em></span> <span class='ocrx_word' id='word_1_628' title='bbox 975 4123 1005 4164; x_wconf 92' lang='lat' dir='ltr'><em>re</em></span> <span class='ocrx_word' id='word_1_629' title='bbox 1027 4095 1209 4178; x_wconf 88' lang='lat' dir='ltr'><em>responsum,</em></span> <span class='ocrx_word' id='word_1_630' title='bbox 1232 4114 1312 4161; x_wconf 90' lang='lat' dir='ltr'><em>erant</em></span> <span class='ocrx_word' id='word_1_631' title='bbox 1333 4093 1422 4156; x_wconf 89' lang='lat' dir='ltr'><em>nimis</em></span> <span class='ocrx_word' id='word_1_632' title='bbox 1441 4091 1609 4174; x_wconf 75' lang='lat' dir='ltr'><em>aquivoca:</em></span> <span class='ocrx_word' id='word_1_633' title='bbox 1632 4093 1667 4153; x_wconf 87' lang='lat' dir='ltr'><em>lic</em></span> <span class='ocrx_word' id='word_1_634' title='bbox 1688 4090 1764 4175; x_wconf 86' lang='lat' dir='ltr'><em>apud</em></span> 
     </span>
     <span class='ocr_line' id='line_1_49' title="bbox 147 4171 1766 4263; baseline -0.004 -21"><span class='ocrx_word' id='word_1_635' title='bbox 147 4178 255 4243; x_wconf 87' lang='lat' dir='ltr'><em>blicum</em></span> <span class='ocrx_word' id='word_1_636' title='bbox 278 4177 471 4263; x_wconf 89' lang='lat' dir='ltr'><em>prodierint,</em></span> <span class='ocrx_word' id='word_1_637' title='bbox 503 4193 554 4241; x_wconf 85' lang='lat' dir='ltr'><em>not</em></span> <span class='ocrx_word' id='word_1_638' title='bbox 586 4177 699 4241; x_wconf 91' lang='lat' dir='ltr'><em>cuidam</em></span> <span class='ocrx_word' id='word_1_639' title='bbox 722 4178 864 4240; x_wconf 80' lang='lat' dir='ltr'><em>intimata</em></span> <span class='ocrx_word' id='word_1_640' title='bbox 883 4200 932 4241; x_wconf 82' lang='lat' dir='ltr'><em>ex·</em></span> <span class='ocrx_word' id='word_1_641' title='bbox 974 4177 1119 4258; x_wconf 86' lang='lat' dir='ltr'><em>Ursayam</em></span> <span class='ocrx_word' id='word_1_642' title='bbox 1158 4179 1280 4257; x_wconf 66' lang='lat' dir='ltr'><em>inpune.</em></span> <span class='ocrx_word' id='word_1_643' title='bbox 1311 4176 1462 4238; x_wconf 85' lang='lat' dir='ltr'><em>Criminal.</em></span> <span class='ocrx_word' id='word_1_644' title='bbox 1497 4171 1564 4235; x_wconf 85' lang='lat' dir='ltr'><em>libr.</em></span> <span class='ocrx_word' id='word_1_645' title='bbox 1580 4193 1609 4235; x_wconf 87' lang='lat'><em>2.</em></span> <span class='ocrx_word' id='word_1_646' title='bbox 1641 4177 1719 4236; x_wconf 86' lang='lat' dir='ltr'><em>titul.</em></span> <span class='ocrx_word' id='word_1_647' title='bbox 1737 4194 1766 4255; x_wconf 80' lang='grc' dir='ltr'><em>ς.</em></span> 
     </span>
     <span class='ocr_line' id='line_1_50' title="bbox 20 4255 1140 4339; baseline -0.004 -15"><span class='ocrx_word' id='word_1_648' title='bbox 20 4255 33 4301; x_wconf 79' lang='lat' dir='ltr'><em>t</em></span> <span class='ocrx_word' id='word_1_649' title='bbox 150 4258 293 4332; x_wconf 89' lang='lat' dir='ltr'><em>titerint,</em></span> <span class='ocrx_word' id='word_1_650' title='bbox 324 4258 343 4320; x_wconf 89' lang='lat' dir='ltr'><em>si</em></span> <span class='ocrx_word' id='word_1_651' title='bbox 373 4279 423 4339; x_wconf 84' lang='lat' dir='ltr'><em>per</em></span> <span class='ocrx_word' id='word_1_652' title='bbox 452 4278 501 4323; x_wconf 90' lang='lat' dir='ltr'><em>eos</em></span> <span class='ocrx_word' id='word_1_653' title='bbox 530 4278 589 4322; x_wconf 90' lang='lat' dir='ltr'><em>non</em></span> <span class='ocrx_word' id='word_1_654' title='bbox 611 4258 750 4334; x_wconf 84' lang='lat' dir='ltr'><em>steterit,</em></span> <span class='ocrx_word' id='word_1_655' title='bbox 778 4257 934 4339; x_wconf 90' lang='lat' dir='ltr'><em>quominus</em></span> <span class='ocrx_word' id='word_1_656' title='bbox 975 4284 1053 4323; x_wconf 87' lang='lat' dir='ltr'><em>num.</em></span> <span class='ocrx_word' id='word_1_657' title='bbox 1071 4258 1140 4330; x_wconf 61' lang='lat'><em>282.</em></span> 
     </span>
     <span class='ocr_line' id='line_1_51' title="bbox 28 4330 1823 4427; baseline -0.007 -21"><span class='ocrx_word' id='word_1_658' title='bbox 28 4361 33 4410; x_wconf 87' lang='grc'><em>,·</em></span> <span class='ocrx_word' id='word_1_659' title='bbox 148 4340 308 4427; x_wconf 82' lang='lat' dir='ltr'><em>publicatio</em></span> <span class='ocrx_word' id='word_1_660' title='bbox 338 4358 389 4403; x_wconf 89' lang='lat' dir='ltr'><em>aut</em></span> <span class='ocrx_word' id='word_1_661' title='bbox 419 4337 605 4404; x_wconf 85' lang='lat' dir='ltr'><em>denunciatio</em></span> <span class='ocrx_word' id='word_1_662' title='bbox 638 4337 750 4410; x_wconf 79' lang='lat' dir='ltr'><em>fieret3</em></span> <span class='ocrx_word' id='word_1_663' title='bbox 783 4355 866 4402; x_wconf 83' lang='lat' dir='ltr'><em>teitu</em></span> <span class='ocrx_word' id='word_1_664' title='bbox 886 4361 932 4402; x_wconf 85' lang='lat' dir='ltr'><em>ex·</em></span> <span class='ocrx_word' id='word_1_665' title='bbox 1021 4337 1173 4403; x_wconf 77' lang='lat' dir='ltr'><em>Absolutio</em></span> <span class='ocrx_word' id='word_1_666' title='bbox 1194 4340 1231 4404; x_wconf 89' lang='lat' dir='ltr'><em>ab</em></span> <span class='ocrx_word' id='word_1_667' title='bbox 1250 4330 1553 4407; x_wconf 82' lang='lat' dir='ltr'><em>excommunicatione</em></span> <span class='ocrx_word' id='word_1_668' title='bbox 1581 4332 1693 4398; x_wconf 86' lang='lat' dir='ltr'><em>incursa</em></span> <span class='ocrx_word' id='word_1_669' title='bbox 1721 4333 1760 4396; x_wconf 92' lang='lat' dir='ltr'><em>ob</em></span> <span class='ocrx_word' id='word_1_670' title='bbox 1784 4352 1823 4395; x_wconf 78' lang='lat' dir='ltr'><em>to</em></span> 
     </span>
     <span class='ocr_line' id='line_1_52' title="bbox 28 4414 1767 4508; baseline -0.008 -22"><span class='ocrx_word' id='word_1_671' title='bbox 28 4427 31 4436; x_wconf 86' lang='lat'>&#39;</span> <span class='ocrx_word' id='word_1_672' title='bbox 150 4422 239 4507; x_wconf 86' lang='lat' dir='ltr'><em>presso</em></span> <span class='ocrx_word' id='word_1_673' title='bbox 260 4419 316 4485; x_wconf 87' lang='lat' dir='ltr'><em>sere</em></span> <span class='ocrx_word' id='word_1_674' title='bbox 338 4419 457 4503; x_wconf 77' lang='lat' dir='ltr'><em>preciso</em></span> <span class='ocrx_word' id='word_1_675' title='bbox 476 4419 573 4485; x_wconf 84' lang='lat' dir='ltr'><em>verbis</em></span> <span class='ocrx_word' id='word_1_676' title='bbox 601 4422 632 4484; x_wconf 92' lang='lat' dir='ltr'><em>in</em></span> <span class='ocrx_word' id='word_1_677' title='bbox 652 4417 682 4480; x_wconf 82' lang='lat' dir='ltr'><em>d.</em></span> <span class='ocrx_word' id='word_1_678' title='bbox 705 4417 851 4496; x_wconf 76' lang='lat' dir='ltr'><em>Constitui.</em></span> <span class='ocrx_word' id='word_1_679' title='bbox 871 4421 935 4482; x_wconf 87' lang='lat' dir='ltr'><em>Cle·</em></span> <span class='ocrx_word' id='word_1_680' title='bbox 979 4418 1142 4494; x_wconf 87' lang='lat' dir='ltr'><em>Duelluni,</em></span> <span class='ocrx_word' id='word_1_681' title='bbox 1173 4421 1309 4501; x_wconf 76' lang='lat' dir='ltr'><em>quamvis</em></span> <span class='ocrx_word' id='word_1_682' title='bbox 1336 4443 1372 4485; x_wconf 84' lang='lat' dir='ltr'><em>ex</em></span> <span class='ocrx_word' id='word_1_683' title='bbox 1403 4419 1455 4482; x_wconf 89' lang='lat' dir='ltr'><em>cit.</em></span> <span class='ocrx_word' id='word_1_684' title='bbox 1478 4415 1670 4491; x_wconf 69' lang='lat' dir='ltr'><em>conplicatum</em></span> <span class='ocrx_word' id='word_1_685' title='bbox 1699 4414 1767 4508; x_wconf 67' lang='lat' dir='ltr'><em>cle-</em></span> 
     </span>
     <span class='ocr_line' id='line_1_53' title="bbox 20 4493 1765 4584; baseline -0.008 -15"><span class='ocrx_word' id='word_1_686' title='bbox 20 4501 34 4572; x_wconf 62' lang='lat' dir='ltr'><em>t}</em></span> <span class='ocrx_word' id='word_1_687' title='bbox 90 4526 131 4584; x_wconf 84' lang='lat'><em>14</em></span> <span class='ocrx_word' id='word_1_688' title='bbox 151 4522 235 4566; x_wconf 88' lang='lat' dir='ltr'><em>ment.</em></span> <span class='ocrx_word' id='word_1_689' title='bbox 248 4506 331 4566; x_wconf 78' lang='lat' dir='ltr'><em>Vlll.</em></span> <span class='ocrx_word' id='word_1_690' title='bbox 354 4504 383 4580; x_wconf 86' lang='lat'><em>§.</em></span> <span class='ocrx_word' id='word_1_691' title='bbox 400 4509 427 4565; x_wconf 87' lang='lat'><em>6.</em></span> <span class='ocrx_word' id='word_1_692' title='bbox 454 4503 523 4565; x_wconf 85' lang='lat' dir='ltr'><em>lllas</em></span> <span class='ocrx_word' id='word_1_693' title='bbox 543 4521 644 4583; x_wconf 83' lang='lat' dir='ltr'><em>poenas</em></span> <span class='ocrx_word' id='word_1_694' title='bbox 671 4498 824 4563; x_wconf 88' lang='lat' dir='ltr'><em>incurrunt</em></span> <span class='ocrx_word' id='word_1_695' title='bbox 845 4500 934 4563; x_wconf 89' lang='lat' dir='ltr'><em>etiam</em></span> <span class='ocrx_word' id='word_1_696' title='bbox 977 4506 1077 4563; x_wconf 80' lang='lat' dir='ltr'><em>mentis</em></span> <span class='ocrx_word' id='word_1_697' title='bbox 1113 4505 1195 4564; x_wconf 88' lang='lat' dir='ltr'><em>Vlll.</em></span> <span class='ocrx_word' id='word_1_698' title='bbox 1219 4503 1276 4583; x_wconf 81' lang='lat' dir='ltr'><em>sab</em></span> <span class='ocrx_word' id='word_1_699' title='bbox 1308 4503 1337 4579; x_wconf 83' lang='lat'><em>§.</em></span> <span class='ocrx_word' id='word_1_700' title='bbox 1351 4524 1381 4578; x_wconf 89' lang='lat'><em>7.</em></span> <span class='ocrx_word' id='word_1_701' title='bbox 1413 4515 1471 4563; x_wconf 87' lang='lat' dir='ltr'><em>noo</em></span> <span class='ocrx_word' id='word_1_702' title='bbox 1515 4493 1602 4579; x_wconf 82' lang='lat' dir='ltr'><em>pollet</em></span> <span class='ocrx_word' id='word_1_703' title='bbox 1635 4495 1765 4578; x_wconf 90' lang='lat' dir='ltr'><em>impendi</em></span> 
     </span>
     <span class='ocr_line' id='line_1_54' title="bbox 21 4577 1766 4676; baseline -0.002 -24"><span class='ocrx_word' id='word_1_704' title='bbox 21 4585 36 4630; x_wconf 68' lang='lat' dir='ltr'><em>&#39;i</em></span> <span class='ocrx_word' id='word_1_705' title='bbox 151 4584 307 4652; x_wconf 83' lang='lat' dir='ltr'><em>Chrisliaoi</em></span> <span class='ocrx_word' id='word_1_706' title='bbox 326 4605 394 4652; x_wconf 90' lang='lat' dir='ltr'><em>cum</em></span> <span class='ocrx_word' id='word_1_707' title='bbox 414 4582 521 4676; x_wconf 72' lang='lat' dir='ltr'><em>Tuicis</em></span> <span class='ocrx_word' id='word_1_708' title='bbox 540 4579 699 4652; x_wconf 73' lang='lat' dir='ltr'><em>duellione</em></span> <span class='ocrx_word' id='word_1_709' title='bbox 721 4625 731 4647; x_wconf 86' lang='lat'><strong>.</strong></span> <span class='ocrx_word' id='word_1_710' title='bbox 762 4579 808 4645; x_wconf 89' lang='lat' dir='ltr'><em>Sic</em></span> <span class='ocrx_word' id='word_1_711' title='bbox 828 4578 937 4646; x_wconf 85' lang='lat' dir='ltr'><em>censuit</em></span> <span class='ocrx_word' id='word_1_712' title='bbox 978 4601 1061 4651; x_wconf 83' lang='lat' dir='ltr'><em>extra</em></span> <span class='ocrx_word' id='word_1_713' title='bbox 1081 4582 1237 4651; x_wconf 81' lang='lat' dir='ltr'><em>articulum</em></span> <span class='ocrx_word' id='word_1_714' title='bbox 1256 4583 1389 4661; x_wconf 76' lang='lat' dir='ltr'><em>morib,</em></span> <span class='ocrx_word' id='word_1_715' title='bbox 1410 4580 1464 4645; x_wconf 81' lang='lat' dir='ltr'><em>oifi</em></span> <span class='ocrx_word' id='word_1_716' title='bbox 1492 4578 1667 4643; x_wconf 68' lang='lat' dir='ltr'><em>aRomuno</em></span> <span class='ocrx_word' id='word_1_717' title='bbox 1683 4577 1766 4668; x_wconf 35' lang='lat' dir='ltr'><em>,Pou-</em></span> 
     </span>
    </p>
   </div>
   <div class='ocr_carea' id='block_1_5' title="bbox 21 4652 1726 4789">
    <p class='ocr_par' dir='ltr' id='par_1_5' title="bbox 21 4652 1726 4789">
     <span class='ocr_line' id='line_1_55' title="bbox 27 4652 1726 4721; baseline 0.008 -13"><span class='ocrx_word' id='word_1_718' title='bbox 27 4697 31 4708; x_wconf 90' lang='lat'>.</span> <span class='ocrx_word' id='word_1_719' title='bbox 1668 4652 1726 4721; x_wconf 84' lang='lat' dir='ltr'><em>tili·</em></span> 
     </span>
     <span class='ocr_line' id='line_1_56' title="bbox 21 4749 35 4789; baseline 0 0"><span class='ocrx_word' id='word_1_720' title='bbox 21 4749 35 4789; x_wconf 65' lang='grc' dir='ltr'>ὓ</span> 
     </span>
    </p>
   </div>
   <div class='ocr_carea' id='block_1_6' title="bbox 0 0 2059 5275">
    <p class='ocr_par' dir='ltr' id='par_1_6' title="bbox 0 0 2059 5275">
     <span class='ocr_line' id='line_1_57' title="bbox 0 0 2059 5275; baseline 0 0"><span class='ocrx_word' id='word_1_721' title='bbox 0 0 2059 5275; x_wconf 95' lang='lat' dir='ltr'><em> </em></span> 
     </span>
    </p>
   </div>
  </div>
 </body>
</html>
