4075 5275
574 83 1040 177 munuca-nno
1078 89 1391 176 Monosn.
1577 51 1581 62 “
1635 62 1733 209 ’ςι
1836 141 1844 164 ««

186 219 237 264 um
265 196 323 274 eli,
345 191 397 291 sed·
410 192 446 257 de
468 190 569 277 aliqua
587 194 701 257 ratione
721 193 793 257 boni
815 194 844 256 in
867 196 966 290 malo,
1009 198 1136 292 Sanchez
1155 201 1209 264 lib.
1225 223 1251 265 1.
1273 226 1342 266 mot.
1364 211 1466 298 capa.
1484 226 1574 298 unm.
1591 226 1639 286 rr.
1658 208 1726 272 Vas
1741 230 1803 286 uene¹

181 281 229 346 seu
248 294 368 373 peceato
389 291 529 371 inventa,
550 275 583 338 dt
602 274 795 371 considerata,
818 298 848 341 v.
871 299 900 372 g:
915 276 967 338 alt·
1009 280 1081 361 desp.
1097 302 1163 344 112.
1186 300 1247 365 cap.
1262 304 1289 345 2.
1314 285 1441 347 Azouns
1462 303 1519 349 cat..
1533 303 1594 369 cap.
1609 291 1637 349 6.
1659 230 1752 371 qued.
1766 314 1795 374 3.

181 383 242 509 ppa
260 355 393 435 curiosa,
416 354 532 431 srdttrlt,
555 355 592 418 δι.
607 353 762 422 artificiosa
782 375 969 435 inventione,
1011 362 1171 445 Castropal.
1193 364 1276 427 rtasd.
1289 386 1317 428 2.
1338 365 1401 443 dist.
1415 386 1444 427 2.
1457 365 1553 447 pensi.
1568 388 1615 431 ιο.
1635 370 1665 446 §.
1677 392 1711 448 4,
1726 370 1797 434 Dia·

217 441 372 540 meritare,
393 435 585 512 fortitudine,
607 436 639 499 dt
657 435 857 532 uniusmodi,
889 439 972 504 Stare
1013 463 1050 505 na
1065 458 1127 523 pat.
1145 457 1178 506 ιε’
1192 445 1274 540 crass.
1288 466 1315 526 ς.
1335 447 1507 527 refusum&
1529 448 1667 528 Laym'an
1684 456 1797 514 louein
1861 471 1870 486 *

180 521 379 679 nutat
416 514 970 696 uoluntariorum
1011 524 1741 687 transtulimus·aututi·
1763 559 1837 675 a·

183 684 407 771 de-displiceat‚
438 680 481 744 uti
503 678 611 743 accidit
631 678 665 743 de
685 677 762 744 salin
784 678 813 741 in
837 679 968 764 pluribus
1001 702 1066 768 pat.
1079 705 1106 746 2.
1127 708 1203 746 num.
1219 686 1427 764 mal-affine
1445 691 1467 752 l.
1478 690 1624 775 4dejufl.
1636 693 1741 777 &jun
1764 720 1796 758 n,

186 768 313 842 casibus,
334 787 366 829 v.
388 782 432 843 gr.
453 780 521 824 cum
542 759 674 826 andimus
694 759 805 826 narrari
825 762 967 837 lraudes,
1012 786 1081 845 ¹23·
1112 765 1265 832 Verticelli
1294 791 1322 849 q.
1349 791 1376 850 5.
1410 772 1515 854 Sporer
1546 790 1570 835 t.
1603 794 1630 839 2,
1659 774 1740 837 traci.
1767 800 1795 841 1.

182 840 500 920 infidias,lurocinia,
522 840 701 919 homicidia,
722 841 968 912 clandestinama·
1003 864 1120 942 praet».
1141 863 1202 929 cap.
1225 850 1254 907 ό.
1275 847 1325 924 [ab
1345 876 1373 911 n.
1397 872 1446 929 24.
1466 852 1497 914 ἃ
1516 852 1568 916 alii
1603 854 1698 934 plnres
1717 855 1796 941 apud

180 925 343 1002 trimonia,
366 924 397 987 dt
417 921 599 999 hujusmodi,
629 944 712 990 novo
732 923 858 1005 quodam
878 921 970 987 artili-
1012 924 1090 1010 rpsos
1111 944 1216 1002 contra
1236 926 1335 991 varios
1353 928 1444 993 alins.
1476 932 1516 996 Et
1538 933 1613 997 ratio
1633 936 1701 1012 eli,
1747 936 1797 1000 uia

180 1007 262 1074 cioso
283 1007 389 1080 modo,
420 1004 525 1079 mira,
555 1005 587 1069 ἃ
607 1001 706 1068 subtili
728 1004 898 1071 inventione
918 1024 968 1088 pa·
1009 1006 1078 1070 talis
1099 1005 1259 1069 deleiiatio
1280 1008 1396 1073 morosa
1416 1008 1509 1075 solum
1530 1013 1626 1077 tendit
1647 1015 1679 1076 in
1746 1038 1796 1080 um

182 1107 283 1165 trata„
305 1085 396 1148 ridere
415 1084 567 1160 solemus,
601 1085 634 1148 δι
653 1084 841 1160 deleflarione
862 1084 970 1160 affici,
1010 1105 1164 1152 venereum
1187 1104 1285 1150 mente
1315 1107 1490 1174 conceptum
1510 1100 1533 1171 ,'
1550 1115 1609 1157 non
1643 1096 1796 1161 antemio

182 1192 243 1235 non
262 1165 339 1249 quod
360 1164 395 1229 de
414 1165 521 1230 talibus
549 1165 637 1230 malis
665 1166 870 1248 gaudeamus,
901 1186 986 1231 cum·
1009 1167 1255 1232 circumstantiam
1278 1167 1403 1250 personae
1423 1175 1603 1255 conjugare,
1624 1173 1794 1257 consangui-

183 1249 243 1335 ipsa
263 1246 391 1313 maxime
410 1246 598 1324 detestemur,
620 1244 667 1309 sed
685 1246 766 1330 quod
785 1245 968 1312 curiosana-
1010 1269 1087 1324 nec,
1115 1264 1168 1312 ant
1190 1245 1303 1323 sacra,
1334 1247 1463 1331 adeoque
1483 1272 1534 1336 per
1554 1255 1564 1316 i
1587 1251 1645 1317 sam
1666 1256 1798 1322 violatur

179 1329 312 1396 ruraliter
331 1326 472 1392 deteneat
493 1353 503 1403 3
527 1326 579 1393 ¹Sic
597 1348 665 1392 cum
685 1326 820 1394 {videndo
841 1327 968 1412 aliquem
1010 1328 1071 1394 sola
1091 1327 1225 1405 castitas,
1248 1349 1306 1390 non
1327 1347 1425 1394 autem
1447 1334 1492 1405 ius
1512 1274 1636 1416 perlinita
1659 1339 1794 1419 conjuga·

180 1408 300 1476 ridicule
319 1411 469 1474 cadentem
491 1431 525 1473 ex
547 1430 643 1504 equo,
664 1405 712 1474 seu
733 1407 802 1473 naso
817 1428 910 1491 prono
921 1430 968 1472 ca·
1009 1429 1069 1486 τι,
1090 1408 1323 1492 consanguinea,
1346 1428 1395 1474 aut
1419 1408 1518 1487 sacra,
1540 1414 1571 1477 δι
1591 1413 1795 1494 consequenter

180 1494 296 1559 dentem
307 1487 710 1565 inlutum‚.&lru1usmodi,
733 1490 879 1565 ridemus,
902 1511 960 1553 non
1002 1513 1061 1555 nnn
1083 1490 1205 1555 includit
1219 1491 1261 1553 ‘ea
1281 1491 1432 1570 desesiatio
1454 1491 1602 1558 malitiam
1625 1496 1759 1559 adulterii
1782 1542 1793 1574 ,

180 1573 312 1659 lapsum,
333 1570 368 1635 de
387 1592 447 1655 quo
467 1571 617 1648 dolemus,
641 1568 686 1635 sed
707 1569 800 1635 solum
815 1569 965 1655 lepidum,
1003 1591 1053 1636 ant
1075 1571 1215 1646 incestus,
1246 1591 1296 1636 aut
1317 1571 1464 1655 sacrilegii
1498 1573 1529 1636 in
1549 1573 1721 1640 confessione
1742 1600 1791 1641 ex·

179 1657 227 1722 vel
249 1652 405 1718 ridiculum
427 1651 545 1717 cadendi
556 1650 676 1717 modum
690 1695 706 1727 „
722 1652 754 1716 δι
774 1652 810 1715 stc
819 1651 854 1717 de
865 1651 963 1716 simili·
1003 1654 1189 1738 plicandnm,
1211 1674 1277 1714 curn
1300 1653 1368 1715 talis
1386 1653 1539 1720 deludiatio
1561 1677 1620 1719 non
1641 1657 1675 1718 sit
1695 1656 1731 1718 de
1745 1679 1793 1720 co·

178 1735 232 1802 bus
251 1734 635 1812 mornsndeleslatiouibus,
657 1752 720 1816 qua
738 1753 789 1817 pet
807 1729 963 1814 soloquen·
1005 1735 1077 1819 pula
1095 1754 1162 1798 cum
1184 1731 1327 1809 foemina,
1360 1752 1393 1797 nt
1414 1739 1596 1819 coniugata,
1626 1734 1796 1817 consangui-

179 1819 218 1882 do
238 1837 299 1894 nou
322 1813 533 1900 sunrpeeeata,
556 1832 588 1879 ut
610 1833 676 1880 cum
697 1813 847 1878 communi
861 1814 967 1878 docent
1008 1837 1080 1891 nea,
1102 1833 1153 1878 aut
1176 1813 1270 1890 sacra,
1294 1813 1338 1876 sed
1361 1812 1452 1880 solum
1472 1817 1508 1881 de
1527 1817 1632 1903 copula
1651 1839 1718 1881 cum
1739 1815 1792 1882 foe·

179 1900 337 1975 Caietanns
355 1898 436 1961 verb.
458 1894 614 1959 Delesiatio
633 1913 750 1964 mornrn
769 1939 779 1973 ,
801 1895 894 1959 Azor.
914 1892 967 1957 lib.
1011 1898 1095 1962 mina
1114 1893 1227 1978 precise
1252 1913 1285 1959 ut
1308 1894 1431 1979 pulcra.

178 2002 211 2060 4.
232 1996 291 2064 cap.
316 1982 346 2040 6.
366 2003 396 2061 q.
411 2000 436 2041 1.
458 1979 563 2043 Sumen
581 1980 618 2042 de
632 1980 753 2060 peccaris
771 1976 845 2060 dtfp.
860 1998 888 2058 ς.
893 1974 964 2056 sedi.
1046 1979 1134 2043 Secns
1153 1992 1251 2041 autem
1272 1977 1309 2041 est
1338 1976 1487 2043 dicendum
1519 1979 1554 2045 de
1573 1978 1707 2044 desiderio
1728 1977 1795 2040 illi-¹
1814 2000 1853 2046 ro

184 2083 215 2145 ς.
234 2081 306 2142 n.7.
328 2059 456 2123 Sanclm
474 2063 505 2123 in
528 2060 657 2144 Deculog.
681 2056 733 2121 lib.
759 2079 785 2122 1.
804 2077 869 2143 cap.
883 2078 911 2120 2.
935 2081 966 2121 n.
1007 2059 1088 2135 cito,
1110 2078 1171 2141 qno
1190 2055 1256 2139 quia
1274 2056 1438 2140 defiderat,
1470 2060 1516 2126 vel
1547 2061 1684 2146 proponit
1705 2056 1794 2122 sorni·

181 2161 218 2226 ·4,
240 2144 374 2222 Layman
393 2140 499 2204 liat.
522 2140 604 2204 tradi.
628 2159 731 2222 3.cap.
745 2161 772 2220 5.
794 2162 823 2204 n.
834 2160 862 2221 3.
1007 2141 1107 2215 eati,
1138 2155 1189 2202 aut
1220 2158 1334 2220 peccate
1363 2140 1518 2206 carnaliter
1547 2162 1613 2205 cum
1642 2139 1795 2220 foemina,

142 2244 162 2300 9
210 2220 385 2285 venenuo
406 2218 520 2294 morosa
540 2219 662 2304 speciem
681 2220 793 2306 peccati
817 2240 876 2283 non
898 2218 972 2284 acci·
1009 2240 1105 2304 ‚quam
1125 2216 1177 2283 scir
1198 2220 1249 2284 esse
1278 2220 1550 2304 consanguineam,
1578 2225 1794 2304 conjugatam,

204 2302 230 2364 it
250 2323 269 2363 a
288 2300 503 2364 circumstantia
521 2299 647 2383 persona
667 2303 741 2365 cirta
760 2323 866 2379 quam
898 2301 966 2380 (a)
1005 2300 1054 2368 vel
1075 2298 1205 2375 sacram,
1227 2323 1296 2364 nam
1318 2322 1389 2365 tunc
1411 2302 1478 2367 talis
1498 2303 1710 2366 circumstantia
1752 2323 1795 2366 ra·

216 2382 271 2444 nde
292 2381 312 2442 st
330 2381 397 2461 quin
415 2382 467 2444 lim
489 2380 604 2456 liciter,
627 2401 659 2442 ac
682 2379 794 2462 praecise
808 2385 835 2443 le
843 2377 966 2445 oblellet
1007 2402 1048 2448 vo
1078 2380 1243 2456 desiderio,
1276 2380 1323 2447 seu
1353 2385 1499 2467 proposito
1534 2383 1612 2445 addit
1643 2322 1794 2478 specialem

182 2461 362 2544 cogitatione
383 2403 498 2526 motula
510 2460 755 2543 peccaticamalia
772 2480 841 2524 cum
864 2462 966 2525 mulie·
1046 2461 1121 2526 crati
1142 2459 1287 2525 malitiam
1318 2461 1347 2522 in
1381 2460 1551 2527 confessione
1582 2461 1797 2547 aperiendam.

179 2557 498 2686 lielaqm'ffltibvflttg
518 2543 557 2605 esi
578 2542 697 2624 pulcra,
720 2542 751 2605 dt
771 2559 897 2605 veneten
916 2542 971 2687 o&
1040 2542 1158 2684 trattipt
1170 2541 1344 2683 llilfilmls
1362 2541 1439 2681 {pluer
1460 2539 1604 2685 morosptm
1631 2541 1796 2686 delesttpitipi-¹

180 2640 510 2797 uuillielmi
520 2641 647 2777 still,
668 2639 925 2783 :similist
949 2703 973 2764 a
1011 2644 1122 2767 illul
1142 2742 1152 2775 ,
1173 2639 1571 2797 ‚attinuisset
1597 2643 1796 2777 telin,

178 2782 348 2867 committit
368 2803 459 2847 uuum
480 2783 599 2865 simplex
608 2800 759 2870 peccatum
783 2780 906 2846 mortale
928 2783 970 2843 in·
1010 2802 1078 2845 cum
1100 2780 1238 2845 omnibus
1255 2782 1475 2846 circumdantur
1492 2781 1733 2864 confideramm,
1764 2784 1797 2848 oc

181 2866 274 2930 terne
283 2863 483 2931 &lestationiu
496 2864 879 2931 moroleeontravirtutem
895 2877 970 2922 tem·
1012 2861 1105 2925 tendit
1128 2861 1156 2922 in
1179 2859 1270 2945 ipsam
1291 2861 1434 2928 astionem
1456 2880 1603 2927 externam
1626 2866 1793 2939 ,eamdem

89 2946 92 2953 ’
180 2946 337 3044 perantia,
368 2946 401 3009 dt
420 2946 590 3019 callitatia3
621 2966 672 3009 nec
693 2960 805 3007 tenetur
825 2964 858 3009 et
881 2939 968 3007 linare
1007 2941 1188 3006 desiderando
1208 2940 1361 3026 perficere,
1392 2942 1549 3028 siposset,
1579 2944 1794 3026 adeoqueeau·

179 3048 213 3090 tn
234 3023 409 3091 cenieffione
428 3026 672 3090 circumstantiam
694 3020 836 3108 persona,
859 2960 967 3085 iidsut
1008 3023 1074 3088 dem
1095 3044 1162 3087 cum
1185 3022 1248 3107 ipsa¹
1265 3024 1376 3089 afflone
1397 3042 1514 3089 externa
1533 3023 1627 3086 induit
1649 3024 1795 3101 malitiam

178 3106 243 3169 licit
256 3107 285 3168 st
299 3107 413 3182 dicat,
442 3106 596 3171 deledlatus
616 3104 679 3170 sum
700 3104 789 3169 toties
808 3102 843 3169 de
863 3103 968 3187 copula
1008 3100 1243 3181 inconl'eslione'
1265 3105 1497 3247 explicandam
1528 3103 1690 3170 Delesiatio
1720 3124 1792 3171 vero

179 3186 318 3266 illicita,
352 3186 435 3251 illam
455 3187 641 3272 cogitando,
676 3207 737 3251 uon
757 3184 968 3259 desiderando;
1008 3183 1144 3263 morosa,
1164 3181 1212 3251 seu
1231 3184 1351 3271 simper
1381 3185 1626 3270 complacentia,
1656 3207 1724 3250 cum
1754 3183 1795 3249 se·

1682 3287 1754 3348 ‹11¹²-

222 3434 289 3511 (ι)
309 3428 341 3494 Si
363 3430 483 3497 morosa
498 3430 656 3497 deleiiatio
677 3447 795 3516 repente
816 3432 847 3495 in
869 3431 955 3496 nobis
973 3446 1074 3495 exorta
1092 3449 1126 3494 ex
1148 3390 1271 3493 occurln
1288 3425 1408 3502 alicuius
1428 3425 1717 3501 obieuiduettabitis
1735 3427 1791 3505 lit,

183 3529 279 3590 neque
297 3513 358 3577 ullo
378 3514 464 3598 pelio
484 3536 503 3576 a
522 3515 607 3577 nobis
625 3514 770 3596 quatita,
802 3530 882 3581 certe
910 3510 1027 3576 viderur
1047 3532 1105 3577 non
1127 3507 1237 3573 sumere
1266 3511 1378 3593 peccati
1400 3507 1520 3592 speciem
1542 3531 1560 3571 a
1580 3509 1796 3572 circumslantia

185 3589 333 3674 personae,
353 3599 425 3659 eirca
445 3618 531 3678 quam
541 3620 554 3666 ,·
575 3597 660 3661 Setun
680 3615 751 3659 vero
772 3595 992 3659 existimandum
1017 3592 1075 3673 esl,
1098 3591 1120 3653 st
1138 3590 1289 3656 deledlatio
1309 3587 1396 3655 suerit
1416 3590 1515 3671 aliqua
1534 3589 1602 3663 vie,
1624 3609 1675 3652 aut
1696 3589 1791 3651 ratio·

185 3692 227 3735 ne
249 3691 398 3755 procurata
417 3699 451 3741 eo
473 3672 587 3760 precise
607 3677 751 3740 animoac
772 3675 852 3751 line,
874 3694 906 3739 ut
927 3673 1081 3738 delellatio
1100 3673 1137 3736 de
1157 3695 1187 3737 re
1208 3671 1261 3735 illa
1280 3670 1440 3755 capiatur.
1472 3673 1554 3743 Nam
1589 3669 1610 3730 fi
1640 3668 1794 3734 delectatio

178 3753 303 3833 qnoefita
323 3755 381 3831 di,
400 3756 529 3841 profesto
551 3755 665 3840 respicit
686 3756 891 3840 particularem
912 3756 1042 3837 aliquam
1065 3752 1236 3838 personam,
1257 3755 1384 3835 adeoque
1404 3748 1549 3823 obiediutn
1570 3769 1637 3812 cum
1658 3745 1715 3812 suis
1737 3747 1792 3823 cit·

175 3834 385 3909 annuntiis,
402 3841 434 3901 dt
452 3839 521 3904 licet
542 3837 696 3903 deleliatio
716 3838 749 3899 stt
773 3857 844 3920 pure
865 3838 979 3902 interna
1000 3833 1234 3915 complacentia,
1257 3834 1288 3896 id
1309 3852 1408 3898 tamen
1429 3828 1497 3894 satis
1516 3851 1575 3894 non
1599 3829 1660 3902 esi,
1682 3844 1715 3892 ut
1737 3828 1793 3913 cir·

179 3914 356 3979 cnmstantia
377 3916 579 3997 personatuum
601 3918 781 4016 multiplicet
802 3939 975 4000 peccatum,
997 3939 1065 3980 nam
1086 3915 1222 3979 desideria
1238 3935 1355 3996 quoque
1377 3912 1491 4006 interna
1511 3908 1576 3975 sunt
1599 3953 1609 3984 ,
1641 3910 1674 3973 dt
1693 3926 1793 4004 tamen

180 4013 301 4079 peccma
322 3997 409 4062 multi
431 3999 518 4063 licant
539 3999 654 4066 ratione
672 4000 972 4064 circumstantiarum.
1005 3999 1144 4061 Praeterea
1163 3994 1314 4059 deludiatio
1334 3991 1470 4076 qttaelrbet
1492 4009 1622 4057 mentem
1651 3988 1791 4065 subiens,

172 4078 299 4141 ,tametsi
319 4097 397 4158 quan
418 4101 494 4164 oque
514 4082 648 4167 respicere
668 4082 803 4149 uideatur
823 4102 884 4147 rem
906 4100 956 4163 per
987 4077 1016 4143 se
1046 4075 1240 4142 deletiabilem
1261 4097 1280 4136 a
1297 4073 1521 4137 'circumstantiis
1542 4066 1718 4157 praecisam,
1747 4089 1794 4165 ta·

183 4179 255 4223 men
277 4159 298 4221 si
318 4178 435 4225 attento
457 4162 559 4225 animo
578 4185 623 4226 teu
640 4161 840 4244 expendatur,
859 4161 977 4229 evidens
997 4161 1059 4235 eli,
1090 4157 1189 4221 cadere
1210 4155 1430 4221 delec‘lationem
1454 4150 1537 4236 supra
1557 4151 1631 4215 hauc
1651 4151 1788 4217 determr·

183 4256 275 4315 nate,
295 4239 327 4302 δι
346 4263 404 4303 non
428 4240 512 4331 snpra
533 4243 623 4307 aliam
642 4243 817 4327 personam
839 4264 896 4306 non
918 4241 1057 4315 enimes}
1074 4236 1224 4303 delectatio
1245 4238 1279 4301 de
1300 4259 1329 4300 re
1350 4232 1595 4308 indeterminata,
1617 4231 1664 4297 sed
1673 4232 1708 4296 de
1719 4231 1786 4325 .l¹⁰⁰

183 4321 231 4386 vel
254 4321 310 4385 illo
330 4322 469 4396 obielin3
489 4323 567 4389 uude
585 4329 639 4401 ne,
660 4342 692 4389 ut
714 4324 858 4399 objectum
879 4320 1044 4395 delectabile
1066 4319 1183 4405 presens
1204 4320 1238 4382 stt
1258 4315 1350 4383 menti
1370 4336 1437 4378 cum
1460 4313 1515 4379 suit
1535 4314 1756 4378 circumstantiis
1776 4349 1788 4368 .

187 4402 322 4484 Denique
341 4405 410 4469 talia
428 4405 588 4471 deleciatio
605 4427 702 4475 nonne
724 4407 818 4471 tendit
840 4404 870 4468 in
891 4403 989 4468 attam
1013 4422 1166 4466 venereum
1185 4422 1253 4464 cum
1287 4421 1321 4463 ea
1350 4394 1471 4480 persona
1501 4396 1720 4465 exercendum,
1752 4386 1788 4483 de

190 4505 249 4563 qua
268 4486 391 4549 habetur
409 4486 592 4551 delesiatio?
609 4488 659 4552 lta
679 4490 790 4572 planet
809 4486 888 4570 atqui
911 4478 1036 4571 persona
1053 4481 1247 4550 determinata
1256 4502 1315 4547 non
1335 4479 1429 4564 potest
1449 4476 1502 4542 nisi
1520 4497 1572 4562 per
1590 4488 1720 4537 mentem
1732 4465 1790 4532 suu

196 4564 417 4635 circumstantiis
437 4564 576 4653 spoliari.
634 4616 638 4625 .
1283 4598 1288 4613 ·
1361 4636 1391 4700 D

1434 4657 1467 4695 2.

1067 4816 1089 4993 l
