4075 5275
482 141 1200 254 EUCHARIST1A‚
1259 139 1499 237 Annii.
1646 180 1732 265 471

179 289 214 337 tn
233 261 296 334 anti
316 281 369 329 uus
388 255 455 327 usus
487 260 518 326 vi
540 278 570 323 et
601 258 766 343 porrigendi
796 259 826 322 in
860 280 962 322 maniis
1003 260 1211 324 Eucharistiam
1234 262 1323 325 etiam
1346 262 1444 327 iisdem
1465 260 1796 332 elleadminillrandant.'

178 287 418 419 Eucharsdiam,
447 342 479 407 di
536 342 640 439 alifem
671 341 717 405 ori
759 339 961 406 admovendi:
1004 343 1039 404 ln
1075 341 1257 407 occidentali
1286 344 1413 408 Ecclesia
1441 366 1459 406 a
1486 344 1728 427 quadringentis,
1762 348 1795 411 St

177 452 253 496 eorus
271 451 355 500 uero,
377 425 417 489 O
437 448 456 485 a
475 420 667 487 recentioribus
700 419 865 506 quibusdam
885 426 964 486 Pres-
1006 423 1131 504 amplius
1152 423 1188 486 ab
1208 423 1275 484 liinc
1306 425 1387 488 annis
1417 424 1476 487 hac
1506 425 1680 490 consuetudo
1712 426 1795 492 cessa·

176 511 296 592 hyemis,
318 508 547 588 Misfioocrioriim
579 503 706 582 motu,
735 504 881 587 usurpatio
907 525 967 565 mor
1007 503 1072 570 vit.
1096 504 1184 585 Apud
1203 504 1368 568 orientales
1387 525 1457 570 veto
1487 504 1665 583 Melchitas,
1688 508 1793 588 Syros,

176 592 235 672 est,
257 589 468 655 communionem
496 590 620 667 Coipori‘s
651 590 683 648 i'n
712 605 741 648 os
768 588 966 649 communican-
1008 588 1174 661 Armenoc,
1205 585 1237 648 St
1266 584 1421 668 Cophthns
1451 584 1531 665 viget
1560 584 1677 649 adbuc:
1709 603 1799 667 atque

179 677 254 737 tium
273 670 426 745 tradendi,
449 667 547 750 inquit
567 666 678 733 Assem.
699 664 757 729 loc.
778 666 831 731 cit.
854 669 965 744 Quam-
1007 666 1097 731 etiam
1120 666 1195 728 aud
1225 666 1341 728 Graecos
1373 665 1432 727 haec
1460 663 1611 747 disciplina
1639 665 1795 743 seruatur,

178 754 279 818 obrem
301 751 406 827 injuria
426 749 480 812 liae
501 750 536 814 de
555 746 641 813 causa
660 746 852 811 damnantur.
1010 747 1106 828 inquit
1159 746 1270 808 rcudios
1289 743 1341 808 lib.
1362 744 1396 806 de
1417 750 1494 808 Socii.
1517 745 1636 809 eochar.
1657 765 1794 831 capeti.
1859 771 1862 774 ⁴

120 855 158 919 75
222 836 270 897 Ac
291 831 387 898 multo
408 831 507 894 miuus
525 828 657 894 damnari
678 827 781 894 debent
810 828 849 893 ob
876 827 967 891 Com·
1010 826 1056 891 sed
1076 826 1167 909 aliqui
1188 849 1224 890 eii
1244 826 1309 909 ipss
1329 824 1471 909 paulatim
1502 846 1565 889 eain
1596 825 1795 904 deseruerunt,

179 915 350 979 munionem
381 911 431 976 sub
461 925 582 994 utraque
613 908 733 994 specie,
768 929 831 991 qua
860 908 970 972 Latina
1012 906 1367 993 proprenincommoda,
1397 925 1461 987 qua
1491 906 1519 967 in
1550 907 1699 989 prebenda
1728 927 1797 992 pue·

202 1015 296 1079 noque
318 994 448 1059 Ecclesia
478 1011 530 1076 pet
564 991 647 1076 plura
678 987 778 1053 saecula
804 987 971 1054 communis
1009 990 1050 1054 tis
1109 987 1132 1050 ll
1164 988 1343 1071 Baptismum
1374 986 1555 1050 Eucharissia
1581 984 1599 1047 s
1631 987 1797 1051 uebautur.

180 1016 257 1152 bit,
279 1095 398 1159 quaque
420 1074 450 1136 in
471 1070 605 1138 universo
633 1071 755 1137 Oriente
787 1071 887 1153 viget.
909 1071 971 1132 lm·
1013 1072 1049 1133 In
1070 1011 1186 1153 §dnodo
1206 1070 1294 1133 etiam
1316 1067 1418 1132 habita
1437 1068 1467 1130 in
1490 1068 1599 1131 Monte
1648 1068 1732 1131 ibano
1750 1067 1799 1130 18.

182 1177 234 1220 mo
255 1158 287 1221 ἃ
307 1158 362 1233 iis,
384 1154 486 1235 quiin
508 1152 597 1215 ltalia
610 1150 700 1232 sunt,
722 1151 850 1229 Graccis,
875 1149 972 1215 inillis
1010 1150 1173 1235 Septembr.
1195 1171 1242 1214 aii.
1269 1156 1356 1233 1596.
1381 1148 1549 1212 Patriateha
1581 1148 1800 1214 Maronitarum

181 1237 270 1312 locis,
294 1237 327 1299 in
367 1237 449 1300 uibus
468 1229 608 1304 ejusmodi
630 1233 704 1298 ritus
724 1231 903 1296 introduslus
923 1231 971 1302 eil,
1013 1232 1130 1313 Sergio,
1153 1236 1225 1295 Con.
1249 1254 1279 1307 7.
1310 1232 1456 1296 decretum
1485 1227 1572 1303 suit,
1602 1247 1635 1294 ut
1664 1245 1800 1294 caverent

181 1319 214 1384 bt
233 1317 269 1382 ad
288 1259 454 1401 prudentem
476 1309 565 1394 usque
584 1312 662 1377 diem
694 1310 841 1384 servatur,
871 1331 905 1373 ac
926 1308 969 1372 ti·
1011 1311 1146 1395 deinceps
1165 1311 1329 1377 Sacerdotes
1351 1310 1494 1386 uniuersi,
1515 1333 1548 1372 ne
1568 1319 1649 1392 quem'
1666 1334 1732 1372 mom
1751 1334 1801 1372 co-

182 1392 472 1555 mmitis*
493 1391 969 1551 scusisti:
1010 1396 1333 1535 :ailisisti
1354 1335 1802 1535 uiliuri‘silii

183 1495 294 1637 esimqoib
314 1500 615 1619 sacromeoi’omqomi
629 1495 751 1631 fismiioo
783 1495 915 1627 credidis,
937 1571 971 1610 ac
1009 1550 1166 1616 Zamosciae
1187 1516 1235 1613 ab.
1262 1493 1400 1629 memqug.
1422 1493 1511 1634 masec
1527 1492 1800 1631 eEiichoiriflidnfl&

178 1652 338 1799 pqopsielrea,
360 1637 516 1731 quoadfr·
542 1659 591 1698 iem
621 1635 860 1775 ”⁸²²:2²’.”“n”.
876 1634 971 1717 gratio
1009 1631 1141 1777 {joppilii
1162 1632 1382 1775 Marqnitatuqi
1405 1633 1438 1726 in
1457 1632 1699 1775 Monteqribano
1708 1630 1793 1776 1celle·

176 1716 758 1883 nccraeslrs‘zssis‘3'ssss
771 1735 971 1888 mmsis
1012 1714 1680 1874 emiseritis&szlsalsflstfffl
1725 1730 1800 1777 ‘²⁰'

182 1900 232 1943 tiis
253 1878 445 1961 cmsiietudi'ne
483 1876 593 1938 asienus
611 1893 730 1959 receptus
755 1900 808 1940 noio
829 1877 881 1956 eje,
904 1877 971 1957 Epi·
1054 1876 1100 1939 De
1120 1873 1338 1937 communione
1366 1895 1481 1957 quoque
1510 1874 1560 1940 sub
1590 1894 1711 1971 utraque
1740 1873 1799 1959 spe·
1820 1896 1860 1960 79

180 1964 297 2045 scopis,
317 1983 430 2045 quotum
445 1957 637 2044 jurisdidli‘mi
657 1961 745 2020 Greci
759 1955 970 2040 subjiciamur,
1013 1956 1077 2031 cie,
1109 1952 1249 2017 nonnulla
1279 1954 1393 2031 habet,
1425 1975 1488 2037 qiiae
1518 1956 1690 2022 eruditionis
1718 1954 1824 2020 causa'

183 2063 382 2186 euqastgffie
401 2042 570 2185 imgsqom
588 2037 897 2181 {dmiqqomrqinquit
919 2035 970 2100 Be·
1012 2035 1222 2179 addimqqhqn
1242 2033 1377 2179 Ceqqlegiq
1398 2027 1567 2100 Graecotu'm
1591 2038 1803 2176 R⁰¹¹l²²Gs¹²‘

124 2201 165 2283 76
184 2144 318 2269 neilloto.
339 2124 428 2266 Clytii
447 2118 903 2295 &qnqqqniqgemojqqrgqqqaqm
913 2197 972 2282 spe·
1012 2140 1099 2264 idid
1119 2160 1206 2271 jutta·
1220 2137 1347 2280 dbiiegi’i
1363 2118 1610 2264 nsjodtulditddioaedds
1638 2135 1800 2260 ddsusUrbd:

184 2284 228 2350 cie
248 2282 408 2349 cavendum
431 2283 488 2359 ell,
512 2304 547 2346 ne
568 2283 733 2347 Orientales
766 2299 892 2357 errent,
922 2293 973 2342 aut
1014 2280 1168 2346 nonll.
1188 2277 1392 2354 confirmatas,
1425 2277 1552 2343 Alumni
1582 2277 1686 2341 debent
1716 2277 1800 2372 quin·

185 2364 356 2442 credendo,
389 2363 439 2429 sub
470 2385 527 2429 una
557 2379 673 2427 tantum
704 2363 795 2447 specie
827 2364 973 2438 integrum
1014 2361 1159 2426 tadecinia
1187 2380 1300 2444 quaque
1331 2361 1398 2434 d'ie,
1429 2380 1480 2424 nec
1510 2379 1569 2423 non
1598 2356 1674 2421 sellis
1705 2358 1804 2422 diebus

187 2447 335 2510 Chtillum
357 2466 415 2509 non
439 2443 560 2530 suscipi,
583 2460 633 2509 aut
663 2443 808 2522 tenendo,
839 2441 973 2506 divinum
1017 2442 1212 2516 solemnibus,
1233 2443 1264 2505 ἃ
1286 2439 1401 2523 fingulis
1424 2440 1597 2515 Adventus,
1619 2440 1650 2502 dt
1669 2439 1801 2515 Quadra·

185 2527 275 2592 adesse
296 2542 470 2613 proceptum
492 2527 527 2592 de
547 2526 791 2592 communicando
825 2521 876 2588 sub
896 2541 974 2588 utta·
1036 2526 1127 2590 esrmae
1147 2522 1339 2597 Dominicis,
1371 2521 1510 2585 Latinum
1541 2518 1800 2583 ritumservare.

184 2626 242 2692 que
263 2607 376 2705 specie.
1015 2548 1053 2670 sii
1074 2604 1149 2671 sellis
1168 2624 1239 2671 veto
1261 2601 1495 2676 solemnioribus,
1517 2600 1651 2665 videlicet
1684 2600 1801 2663 Pascha-

5 2698 9 2727 ¹
124 2704 167 2768 77
226 2691 361 2768 Quinto.
382 2691 547 2759 Orientales
567 2692 657 2758 etiam
679 2691 778 2760 Poetis
798 2704 866 2754 ante
886 2685 974 2752 tatio·
1007 2689 1073 2765 tis,
1097 2686 1291 2761 Pentecosten,
1312 2686 1343 2749 di
1376 2684 1554 2747 Natiuitatis
1587 2680 1726 2759 Domini,
1759 2683 1802 2753 iii·

5 2776 8 2805 ⁸
185 2770 232 2836 nis
254 2770 354 2849 usum,
376 2772 471 2839 immo
492 2773 589 2838 statim
610 2774 672 2858 poll
706 2770 856 2857 Baptisma
884 2768 974 2833 dislri·
1015 2771 1121 2834 bentut
1142 2765 1349 2831 Eucharistiam
1371 2764 1475 2825 croco
1497 2762 1555 2825 ritu
1568 2760 1723 2844 suscipere,
1745 2762 1802 2824 lioc

185 2852 297 2916 bunne.
319 2852 504 2920 Consuetudo
525 2855 603 2930 hac,
626 2872 660 2919 ut
680 2852 764 2939 supra
784 2853 909 2928 notaui,
931 2850 976 2915 vi·
1018 2852 1056 2918 ell
1078 2849 1107 2911 in
1128 2847 1323 2919 sermentato,
1345 2843 1488 2924 Sanguine
1502 2842 1643 2918 intinslo,
1666 2843 1802 2924 adquam

227 2933 251 2996 it
272 2934 345 2997 olim
368 2934 399 2998 be
421 2936 450 2997 in
473 2935 578 2999 Latina
598 2934 743 3010 Ecclesia,
774 2953 863 3018 atque
893 2935 975 3014 Apo
1016 2951 1077 2995 reni
1112 2925 1314 3021 perficiendam
1346 2924 1481 2987 Sacerdos
1511 2923 1603 2987 utitur
1632 2943 1723 3018 parvo
1753 2942 1802 2985 co·

211 3011 288 3077 olica
308 3016 391 3080 Sedes
414 3016 445 3078 iii
475 3015 575 3080 iisdem
604 3014 831 3095 Orientalibus,
864 3012 901 3072 iis
930 3030 977 3069 ex·
1018 3006 1146 3083 clileari,
1167 3006 1246 3089 quod
1267 3003 1353 3069 insert
1374 3007 1403 3065 in
1425 3025 1459 3068 os
1480 3001 1657 3086 suscipientis
1687 3003 1801 3067 Eucha-

185 3093 307 3175 ceptis,
340 3097 392 3178 qui
424 3094 473 3159 siib
502 3096 617 3161 latinis
652 3095 805 3178 Episcopis
842 3090 975 3169 degunt,
1018 3087 1147 3162 rilliam,
1168 3086 1220 3169 qui
1241 3087 1313 3148 titus
1334 3083 1462 3150 servatur
1482 3085 1572 3149 etiam
1593 3105 1660 3147 cuin
1691 3084 1802 3147 Graecis

186 3174 355 3256 permittit,
378 3196 412 3238 ac
433 3174 555 3240 tolerat.
579 3176 748 3239 Cavendum
781 3189 851 3234 veto
884 3185 974 3260 quam
1016 3167 1152 3310 reliquis,
1173 3166 1224 3247 qui
1246 3165 1386 3251 praedislis
1406 3165 1504 3229 diebus
1524 3168 1560 3231 ad
1581 3165 1706 3230 solemne
1726 3162 1802 3226 Mis·

185 3254 333 3331 maxime,
355 3277 392 3319 ne
412 3257 441 3316 iri
470 3275 626 3339 puerorum
656 3250 864 3316 communione
891 3246 975 3327 quid·
1016 3247 1051 3311 sae
1091 3246 1248 3311 acrisicium
1271 3246 1469 3324 conveniunt,
1491 3263 1541 3310 aut
1574 3247 1626 3328 qui
1656 3244 1722 3310 aliis
1789 3264 1804 3305 t

183 3355 273 3414 quani
294 3353 443 3410 occurrat,
464 3355 524 3416 quo
554 3336 741 3399 Sacrameuto
771 3331 876 3405 injuria
904 3327 973 3402 fiat,
1015 3348 1125 3393 annum
1146 3328 1244 3393 diebus
1264 3328 1294 3390 in
1315 3328 1442 3392 Ecclesia
1471 3327 1564 3391 Graeci
1595 3326 1721 3409 collegii
1751 3264 1804 3388 dbi

186 3432 276 3556 eqque
297 3416 404 3553 lqaetesis
424 3416 667 3555 {nonnullorum
688 3413 883 3477 Orientalium
896 3430 974 3551 niEen·
1016 3409 1237 3550 Euchariston&
1251 3408 1308 3503 titii
1329 3430 1422 3548 gtaecso
1436 3409 1625 3503 administrari
1635 3404 1802 3489 deposcunt.

184 3496 540 3656 {lsrssmllilnsls
561 3493 881 3658 lssrstllsnll‘
897 3511 975 3636 ,li
1008 3491 1187 3651 'lillis’
1204 3487 1721 3663 ossus,irms‘szmslli
1738 3484 1803 3629 is

187 3675 254 3719 nam
275 3654 380 3737 assequi
401 3677 460 3721 non
481 3655 558 3751 polle
579 3655 809 3721 beatitudinem.
1014 3671 1136 3735 utraque
1157 3649 1247 3734 specie
1267 3666 1468 3733 permittitur,
1491 3649 1520 3710 in
1541 3649 1645 3730 quibus
1668 3648 1739 3712 ritus
1752 3647 1802 3710 ad·

125 3734 167 3815 78
227 3735 287 3800 Hic
307 3759 343 3801 eii
366 3736 525 3819 Encycliea
545 3733 614 3818 saepe
634 3735 769 3813 laudata,
808 3737 867 3798 baec
895 3733 972 3797 addi·
1016 3734 1074 3798 lruc
1095 3733 1196 3811 viget,
1220 3731 1251 3793 in
1272 3728 1390 3814 reliquis
1411 3750 1481 3793 veto
1511 3729 1699 3812 prohibetur,
1728 3728 1802 3790 Gre-

188 3839 272 3883 mus.
302 3816 481 3893 Quibusdam
512 3817 643 3882 Ecclesia
672 3815 778 3882 suculis
806 3814 871 3880 usus
898 3813 975 3878 obti-
1017 3816 1115 3899 gorius
1133 3813 1223 3875 Xlll.
1247 3811 1392 3875 Maronit.
1408 3809 1531 3872 Patriar.
1554 3807 1711 3893 rescripsit:
1735 3811 1803 3869 Loi-

175 3901 270 3976 uuit,
292 3916 325 3963 ut
386 3900 409 3961 st
432 3897 611 3981 Baptismum
642 3897 725 3963 illico
753 3897 849 3982 pueris
877 3897 974 3958 Sacra-
1017 3902 1044 3960 ci'
1064 3922 1083 3958 a
1103 3893 1298 3958 Communione
1312 3890 1368 3972 [ob
1389 3908 1503 3972 utraque
1515 3891 1608 3971 specie
1655 3890 1803 3952 edocentem

186 3998 319 4046 mentum
340 3919 525 4045 Eoucbarillire
544 3979 806 4054 administraretur,
827 3973 975 4073 nonquod
1014 3977 1124 4043 arcendi
1137 3979 1223 4057 soni,
1245 3993 1319 4037 totioo
1339 3976 1411 4036 enim
1441 3971 1566 4050 chrislus
1589 3909 1653 4054 sios
1672 3995 1728 4035 iona
1742 3970 1803 4052 spe-

186 4062 216 4127 id
238 4059 419 4126 necessarium
440 4063 618 4138 crederetur,
640 4060 686 4125 sod
716 4083 751 4124 ex
783 4080 863 4123 meto
893 4077 972 4134 ritu,
1017 4065 1058 4125 cie
1078 4063 1245 4130 continetur,
1270 4054 1308 4121 O
1329 4056 1359 4118 in
1387 4057 1438 4134 risio
1472 4055 1577 4116 calicis
1607 4075 1738 4133 magnum
1767 4049 1804 4126 cll

187 4163 222 4204 ac
251 4143 281 4208 vi
303 4160 369 4208 ente
398 4144 630 4219 consuetudine,
662 4158 695 4206 ut
726 4164 760 4205 eii
802 4139 977 4204 Tridentino
1011 4140 1165 4226 periculum
1186 4132 1341 4213 efficfiom's,
1373 4151 1406 4200 ut
1436 4131 1520 4199 resert
1545 4133 1657 4196 Tliom.
1691 4154 1709 4194 a
1738 4130 1805 4202 lesu

186 4166 324 4287 eoocdb
345 4225 454 4289 eruitur
467 4228 540 4307 sess.
555 4241 713 4308 ii.oap.4.
735 4224 767 4286 δι
788 4220 976 4304 magistriam
1017 4223 1052 4285 de
1072 4229 1164 4286 conv.
1187 4227 1272 4313 Omn.
1295 4223 1363 4279 Gen.
1390 4235 1455 4300 pag.
1484 4216 1555 4294 468.
1584 4215 1662 4278 Hinc
1693 4213 1723 4275 in
1754 4212 1804 4274 Li·

186 4305 529 4387 comprobaturum,
557 4305 635 4388 qood
664 4304 834 4367 damnatum
869 4303 975 4365 Arme·
1017 4307 1118 4368 banen.
1142 4299 1279 4365 Concilio
1300 4321 1346 4362 an.
1374 4302 1458 4378 1736.
1474 4315 1727 4380 por.2.num.21.
1751 4293 1804 4355 hu·

187 4406 292 4449 norum
314 4408 439 4451 errorem
461 4409 479 4450 a
500 4386 653 4452 Benedislo
683 4385 756 4447 xii.
785 4383 877 4448 etiarn
907 4382 976 4446 Rai·
1018 4383 1141 4461 jusmodi
1162 4381 1281 4445 consilio
1303 4379 1472 4442 inhaerentes
1492 4377 1659 4442 decreuere:
1685 4377 1802 4439 NeLai‘-

188 4465 289 4529 ualdus
323 4468 481 4544 recenseat,
512 4489 572 4549 quo
603 4467 744 4549 putabant
773 4465 809 4528 ad
842 4479 977 4526 oeternam
1019 4492 1067 4541 co,
1089 4466 1138 4529 uel
1157 4466 1266 4525 Clerico
1286 4466 1316 4524 i'n
1336 4457 1484 4522 minoribus
1505 4457 1656 4521 Ordinibus
1666 4457 1805 4535 coniliano

191 4565 344 4689 puerorum
368 4548 506 4623 salntem,
528 4552 558 4612 ἃ
580 4546 721 4631 baptismi
742 4545 779 4609 iis
808 4544 909 4607 collati
929 4565 978 4610 ua·
1020 4548 1184 4610 communio
1197 4544 1253 4625 sub
1274 4563 1387 4639 utroque
1403 4542 1494 4623 specie
1522 4540 1665 4612 tradatur,
1683 4539 1736 4634 sed
1749 4533 1807 4614 sub

206 4626 357 4708 iditatem,
379 4632 442 4717 poll
471 4629 715 4696 Confirmationis
743 4629 978 4703 Sacramentum,
1020 4653 1080 4692 ooo
1100 4644 1227 4707 ionium,
1245 4643 1329 4708 ponis
1348 4627 1505 4765 nimiogm.
1533 4625 1574 4681 At
1603 4624 1751 4761 Diocooiilq.
1773 4632 1806 4677 ut

1466 4724 1485 4786 ὅ
1523 4724 1544 4781 4
1743 4722 1768 4779 ⁹,-
