4075 5275
490 138 528 223 E
589 139 624 220 L
683 139 721 223 E
782 136 820 219 C
878 137 1002 223 TI
1060 138 1127 240 O,
1213 137 1481 225 Aremlls.
1653 76 1732 251 27i

106 274 107 279 ¹
183 253 238 318 bor
259 248 403 317 contineri
423 248 452 315 in
476 248 617 332 pradidlit
635 245 917 324 Constitutienlbvs,
938 248 971 313 ἃ
1011 269 1042 313 re
1061 246 1285 323 contendissent,
1309 249 1335 311 E
1358 247 1470 334 'scopos
1488 247 1634 346 quidem,
1663 257 1694 319 δι
1723 251 1800 337 alioc

180 335 295 398 statutis
317 333 439 407 illicita,
463 330 672 424 imposibilia,
694 330 741 395 vel
764 328 891 424 libertati
914 331 970 395 Ec·
1010 326 1203 471 quoscumque
1235 330 1322 424 Ponti
1345 332 1407 426 cali·
1430 331 1570 414 dignitate
1602 337 1741 477 ppaeditos
1777 353 1796 396 a

182 414 336 479 clefiallicae
350 411 524 487 obviantia,
543 428 705 484 tutamenta
724 408 889 485 hutusrnodr
907 411 970 474 nul·
1043 430 1129 475 tvrms
1163 408 1197 474 us
1231 410 1313 473 ndrt:
1333 414 1378 477 Ca
1401 412 1472 476 rtula
1492 433 1580 482 vero,
1650 435 1793 490 nvemur,

182 492 322 559 lomodo
344 491 488 578 praessari3
510 494 558 554 Ac
578 509 714 590 praterea
741 491 905 556 decreverat
926 510 970 556 ta·
1011 504 1169 573 eorumque
1218 489 1349 568 cclefiat,
1424 492 1488 556 loca
1515 491 1619 557 omnia
1641 496 1799 561 Interdillo

184 575 224 638 lia
245 580 406 652 juramenta
425 595 460 637 ea
481 573 643 639 intentione
671 571 824 647 sarienda,
855 571 901 638 vel
930 573 970 637 sa·
1013 570 1208 641 Ecclesiastico
1228 570 1407 655 supposuit,
1439 594 1472 636 ac
1492 574 1642 656 fingulares
1662 576 1796 659 personae

181 654 242 730 sla,
265 675 298 719 ut
319 658 408 720 etiarn
440 652 570 728 illicita,
600 654 646 719 vel
678 652 893 736 impossibilia,
924 652 970 719 seu
1011 653 1321 719 excommunicationis
1342 652 1485 721 sententia
1505 655 1683 735 innodavit,
1713 659 1798 722 inha-

180 734 382 803 Ecclesraslicae
403 734 534 798 libertati
554 734 705 799 obviantia
724 734 968 811 observarentur,
1009 732 1137 817 bilesque
1158 732 1226 797 setir
1247 732 1283 795 ad
1312 734 1459 809 obtenta,
1492 733 1523 797 oe
1551 732 1612 798 alia
1638 737 1805 805 obtinenda:

181 840 248 885 curn
277 816 368 881 etiarn
400 814 449 878 sub
478 813 532 876 tali
562 815 725 879 intentione
755 816 876 900 praeslari
907 836 967 881 non
1009 835 1044 879 eo
1067 814 1159 899 ipso,
1190 813 1297 895 fibique
1313 859 1322 889 ,
1339 817 1385 877 Δδι
1416 816 1553 879 Romano
1575 816 1711 881 Pontifici
1742 841 1797 904 pro

222 899 291 963 ssent
321 895 425 961 ablue
455 895 569 960 Divina
598 895 762 968 Maiestatis
799 894 907 962 offensa
936 897 968 961 in
1009 914 1142 980 tempore
1162 894 1293 958 exilienti
1312 895 1520 965 relaxationem
1542 894 1589 960 sus
1643 899 1749 977 sionis,
1765 905 1805 968 δι.

204 977 344 1053 ωὐῠηοάἱ
367 917 499 1051 iilicitis,
520 975 562 1038 im
605 975 762 1052 ssibilibus,
785 976 831 1042 seu
852 978 967 1042 liberta-
1009 975 1173 1051 interdicti,
1194 995 1326 1039 necnon
1347 975 1557 1045 absolutionem
1626 1000 1803 1052 encornntu.¹

180 1062 206 1123 ti
228 1058 566 1123 Eccteoassicaeobvinrri
607 1078 698 1121 snon
720 1056 875 1125 servanda:
896 1060 971 1142 quin
1008 1054 1168 1121 nicationis
1189 1054 1330 1120 sententia
1349 1054 1513 1130 hujusmodi
1546 1076 1687 1142 perpetuo
1714 1062 1798 1129 reser-

180 1140 283 1285 potius
302 1162 358 1223 pro
375 1139 541 1201 animarum
563 1137 670 1213 salute,
692 1137 774 1202 srsub
795 1138 967 1221 sonnaprae·
1008 1138 1113 1203 vavit.
1136 1135 1370 1213 Denemenseos,
1392 1138 1445 1221 qui
1457 1137 1527 1201 talia
1540 1143 1801 1213 juramentascierr·

194 1239 225 1285 at

226 1222 333 1299 a„vel
355 1218 439 1282 simili
460 1217 572 1295 aliquos
593 1217 759 1302 ignorantes
779 1219 912 1300 praediera
933 1219 969 1281 il·
1010 1216 1268 1303 terprastIrissent,
1291 1215 1358 1291 usu,
1382 1220 1412 1280 de
1433 1221 1590 1285 commodo
1613 1222 1674 1300 rei,
1694 1242 1799 1309 aegra.

181 1302 284 1383 licita,
305 1301 351 1379 seo
372 1296 575 1382 impossibilia,
599 1300 646 1363 vel
669 1300 797 1365 libertati
829 1300 968 1363 faciem·
1009 1297 1087 1373 tia,
1117 1301 1198 1370 cuius
1217 1295 1300 1361 causa
1322 1297 1453 1371 iurassent
1477 1342 1489 1375 ,
1517 1320 1553 1369 eo
1585 1300 1647 1383 ipso
1668 1304 1806 1386 privatos,

182 1383 258 1451 ilica
278 1380 428 1446 obviantia
448 1383 540 1455 jurare
560 1380 742 1460 contigisset,
763 1380 798 1444 ad
819 1380 970 1446 observan-
1013 1378 1085 1452 elie3
1104 1376 1179 1442 alios
1199 1398 1269 1442 vero
1291 1377 1298 1438 i
1322 1397 1456 1443 notantes
1486 1379 1521 1442 ed
1542 1384 1731 1463 psallitorum
1754 1390 1806 1461 ju„

182 1464 221 1527 da
240 1465 388 1525 dumtaxat
410 1460 510 1538 licita,
534 1459 694 1544 poffibilia,
717 1463 748 1524 ἃ
767 1461 895 1527 libertati
915 1462 971 1524 Ec-
1013 1476 1211 1525 ramentorum
1233 1458 1282 1531 lrur‘
1316 1460 1395 1521 modi
1417 1458 1648 1533 observationem
1677 1468 1799 1533 minim,

182 1544 335 1608 clesiaslica
365 1562 424 1605 non
455 1542 607 1608 obviantia
632 1542 798 1614 iurantium
832 1543 972 1607 intentio·
1013 1539 1130 1614 teneri,
1162 1538 1326 1613 &,alios‚
1358 1558 1445 1622 prout
1468 1543 1497 1604 in
1518 1542 1643 1625 pralatis
1664 1547 1803 1631 Gregorii

181 1646 249 1691 nern
271 1623 369 1687 referri
390 1623 510 1699 debore,
532 1624 687 1689 Declarane
696 1623 809 1699 insuper
828 1625 973 1697 juramen·
1013 1614 1220 1685 Pradecessoris
1241 1619 1365 1695 litteris,
1384 1641 1507 1701 quarum
1529 1643 1658 1689 tenorem
1680 1631 1806 1710 prosen,

180 1724 214 1770 ta
234 1702 284 1767 sub
305 1703 468 1776 huiusmodi
489 1705 676 1789 generalitate
698 1705 968 1787 qualitercumque,
1011 1702 1091 1766 tibus
1109 1721 1164 1785 pro
1185 1700 1286 1783 plene,
1309 1701 1341 1764 ἃ
1361 1696 1532 1777 sufficienter
1543 1708 1689 1785 expresso,
1711 1714 1799 1777 aede

182 1782 285 1851 &sub
326 1808 485 1871 uacumque
506 1789 659 1851 verborrinr
691 1785 787 1850 forma
815 1787 968 1868 prestita,
1009 1783 1100 1849 verbo
1121 1780 1298 1845 adverbum
1319 1779 1710 1864 inscrtohabetivolumus,
1732 1793 1798 1859 ube-

179 1864 228 1933 vel
251 1807 424 1951 praeiianda,
444 1869 482 1932 ad
504 1867 604 1942 licita,
626 1864 787 1951 pnssrbilia,
816 1888 850 1930 ac
872 1864 974 1930 Eocle·
1014 1864 1074 1927 tius
1092 1860 1280 1927 continetur.
1709 1904 1715 1927 ι

181 1947 293 2015 ssaslica
315 1947 442 2013 libertati
456 1959 522 2013 ’non
541 1949 696 2013 obviantia
713 1948 855 2012 duntaxat
875 1965 973 2011 etten-
1054 1947 1084 2023 §.
1115 1965 1146 2021 4.
1179 1944 1269 2008 Porro
1299 1962 1453 2030 antequam
1497 1949 1601 2015 littera
1633 1952 1805 2027 hujusmodi

182 2030 232 2107 di,
256 2027 385 2113 ipsosque
406 2031 539 2103 Jnrantes
559 2029 596 2091 ad
616 2030 674 2095 alia
693 2050 745 2113 per
761 2030 973 2113 prolationem
1012 2025 1204 2105 emanassent,
1228 2026 1328 2092 similis
1348 2050 1437 2093 ment.
1460 2030 1528 2099 Pius
1550 2034 1627 2114 Papa
1649 2036 1687 2096 V.
1708 2036 1807 2102 etiam

181 2111 338 2189 juramenti
359 2110 521 2187 hujusmodi
544 2132 603 2174 non
624 2112 735 2177 teneri.
1012 2108 1195 2175 Pradecell'or
1217 2109 1327 2185 noliet,
1349 2109 1489 2183 eiusmodi
1517 2111 1648 2176 Concilii
1676 2117 1801 2183 Triden-

223 2195 253 2272 §.
277 2213 307 2254 2.
328 2192 398 2255 Rec.
422 2214 511 2257 mern.
534 2193 694 2275 Gregorius
721 2192 800 2277 Papa
818 2193 908 2258 XIII.
930 2212 972 2260 et·
1013 2191 1072 2261 tini
1092 2192 1246 2268 Decretis,
1267 2190 1402 2273 quibus.
1434 2194 1648 2275 nequidquam
1670 2199 1750 2278 quod
1770 2201 1801 2265 in
1869 2194 1876 2205 ¹

182 2275 244 2338 ianr
267 2273 448 2337 Praedeceffor
469 2274 561 2339 noller
583 2296 633 2356 per
652 2273 789 2359 quasdam
810 2274 872 2341 snas
893 2273 971 2341 desu-
999 2273 1078 2339 -usus
1099 2274 1164 2359 pios
1182 2294 1244 2338 non
1263 2291 1453 2338 convertatur
1474 2274 1503 2336 in
1534 2274 1701 2354 eleliione,
1732 2302 1803 2363 prat·

183 2375 237 2441 per
258 2352 306 2419 snb
327 2354 449 2435 plumbo
470 2376 503 2418 ex
542 2352 758 2430 ditaslitteras,
779 2377 903 2439 quarum
918 2357 974 2421 ini·
1015 2354 1195 2432 sentement,
1217 2354 1442 2429 nominatione,
1464 2354 1666 2432 institutione,
1698 2361 1803 2427 corffir.

184 2430 282 2501 riunr:
308 2438 382 2497 Inter
401 2442 430 2498 Α
447 2436 564 2515 ofloicas
585 2436 648 2501 (nc.
666 2438 830 2523 prodiciam
853 2438 975 2504 Nicolai
1016 2437 1168 2514 aratione,
1184 2435 1345 2503 collatione
1386 2434 1434 2500 vel
1456 2432 1513 2496 alia
1530 2436 1713 2518 provisione,
1744 2443 1809 2509 sree

184 2517 396 2585 Pradecessoris
464 2516 693 2597 nslitutionem,
726 2519 884 2605 itidemque
905 2520 976 2585 aliae
1015 2517 1184 2585 admissione
1204 2516 1240 2580 ad
1261 2480 1456 2613 possesionem
1477 2513 1598 2610 alicujus
1623 2518 1805 2588 cathedralia

184 2618 289 2668 omnes
308 2600 470 2668 Canonicas
493 2597 650 2666 sanilinnes
670 2603 705 2669 de
733 2601 849 2680 abusu,
880 2604 975 2669 dere·
1016 2600 1166 2680 Ecclesrae,
1187 2597 1234 2666 vei
1256 2597 1422 2675 Benefica,
1453 2597 1689 2664 Canonrcatuurn
1711 2647 1720 2678 ‚
1751 2620 1804 2672 eut

184 2681 360 2768 probatione
388 2684 621 2758 juramentorum,
649 2683 810 2759 hujusmodi
844 2685 973 2769 promul·
1015 2682 1232 2750 Prabendaram
1250 2725 1269 2758 ,
1292 2682 1340 2745 vel
1363 2696 1477 2773 pprrem
1497 2693 1724 2759 proventuum,
1757 2683 1806 2754 serr

183 2782 270 2845 gatae
290 2761 463 2842 innovavit,
485 2766 638 2849 voluitque
658 2788 705 2830 eas
724 2764 831 2849 ubique
851 2766 889 2829 ab
908 2788 973 2832 om·
1015 2765 1051 2830 ad
1072 2760 1285 2829 distributiones
1304 2758 1490 2832 nnotrdranas
1503 2762 1720 2851 'quoquomodo
1741 2785 1805 2848 per.

185 2843 299 2919 nibus,
321 2845 412 2909 etiam
431 2848 528 2928 quoad
556 2847 732 2930 preterita,
764 2846 976 2914 inviolabiliter
1016 2845 1090 2911 solvi
1152 2841 1215 2933 sitq,
1238 2827 1406 2933 ssriclrslirne
1425 2836 1615 2934 prohibetur,
1648 2840 1808 2926 inherent,

184 2920 362 2988 observari.
400 2927 537 2994 Praterea
586 2928 732 3011 recepit,
762 2928 793 2992 dt
823 2929 975 2993 interdixit
1015 2925 1094 2987 suam
1192 2939 1221 2980 tn
1244 2938 1274 2983 re
1292 2917 1541 2988 Consittutronern
1561 2921 1692 2988 ediderat
1723 2944 1806 2994 terro.

186 2997 335 3081 I'raelatis,
358 3007 531 3085 canonicis,
603 3010 669 3072 aliis
699 3009 728 3072 so
752 3008 889 3079 radidlis,
922 3024 974 3065 nec
1016 3005 1073 3079 rit,
1095 3000 1147 3082 qui
1169 2996 1325 3082 sequitur,
1356 3000 1523 3072 videlicet.
1556 3002 1624 3065 Pius
1646 3004 1807 3093 Episcopo,

184 3101 245 3144 non
268 3084 459 3149 Ecclefiarurn
470 3090 633 3182 Capitulis,
654 3088 685 3149 δι
747 3085 972 3160 macenorum,
1014 3083 1119 3150 Servor
1139 3083 1296 3147 Servorum
1317 3081 1396 3145 nei.
1415 3082 1466 3146 Ad
1486 3099 1655 3165 perpetuam
1682 3087 1722 3152 rei
1744 3111 1806 3154 me·

186 3161 344 3244 ceterisque
371 3167 600 3240 Convennbro,
630 3164 798 3232 ¹Civitatem
853 3185 973 3247 uoqoe,
1016 3165 1165 3240 moriam.
1188 3163 1301 3228 Durum
1322 3161 1434 3237 nimis,
1465 3162 1738 3234 &incommodum
1760 3183 1806 3235 at.

186 3241 371 3322 Caliromm,
391 3245 425 3308 δι
446 3247 602 3318 Terrarum
623 3244 844 3310 Communitatr
910 3249 976 3322 ,ἂ
1015 3246 1186 3320 birramur,
1218 3244 1297 3325 quod
1320 3242 1510 3312 Ecclefiarnm
1533 3245 1665 3309 Minissri
1687 3249 1727 3316 ,ia
1751 3251 1810 3329 iiea

185 3320 313 3469 personis
332 3346 513 3409 quacumque
532 3327 562 3392 di
584 3325 676 3392 nitate
696 3325 844 3423 preditis,
875 3349 911 3392 ne
931 3328 976 3393 nl·
1038 3348 1079 3394 ua
1099 3326 1135 3391 ad
1157 3323 1284 3410 ipsorum
1309 3321 1543 3396 sutentationem
1555 3325 1773 3409 suppeditantur
1792 3355 1807 3410 ,⁸

197 3405 361 3471 aomnino
376 3411 538 3482 juramenta
550 3349 903 3493 iilicitasrmpossrbilia,
925 3409 975 3473 da-
1037 3408 1163 3494 'spendia
1184 3405 1362 3489 patiantur.
1398 3402 1546 3481 Quocirca
1575 3429 1641 3470 curn
1674 3410 1748 3475 banc
1770 3411 1820 3494 ad,-

186 3483 308 3561 rnnosa,
330 3488 377 3552 vel
400 3488 528 3554 libertati
551 3487 752 3553 Ecclefialiicae
772 3509 823 3554 aut
845 3488 977 3557 Decretis
1017 3511 1098 3564 rem,
1130 3486 1269 3567 fimulque
1299 3485 1508 3568 prohibendam
1530 3487 1568 3551 ab
1589 3489 1715 3555 Ecclefia
1749 3491 1807 3560 Dei

188 3566 318 3632 Concilii
337 3569 504 3633 Tridentini
524 3569 694 3645 obviantia,
717 3570 774 3638 five
795 3591 886 3650 ante,
920 3567 976 3639 sirie
1016 3568 1146 3637 avaritia
1166 3566 1373 3653 pravitatem,
1404 3567 1495 3632 editas
1516 3588 1583 3636 ante
1603 3570 1659 3633 hac
1687 3571 1808 3639 sensile·

187 3646 254 3734 post
274 3648 441 3725 erectiones,
473 3651 741 3728 confirmationes,
772 3655 976 3736 provisrones,
1019 3674 1069 3717 nes
1083 3649 1206 3714 minime
1220 3647 1295 3718 ,satis
1314 3646 1589 3730 esi'einrelligirnnt,
1613 3653 1709 3716 Nova
1729 3655 1807 3719 Con-

188 3728 387 3810 receptiones,
409 3731 617 3810 admifliones,
652 3751 704 3796 aut
724 3733 796 3799 alios
816 3735 895 3800 acius
915 3735 977 3798 ubi·
1018 3731 1179 3800 stitutionis
1199 3729 1319 3794 subsidio
1351 3731 1485 3808 cogimur
1518 3731 1698 3812 providere.
1730 3734 1810 3800 Cum

189 3830 334 3891 tumque,
357 3832 390 3874 ac
412 3833 594 3896 quocumque
614 3833 765 3896 ternpore,
795 3816 887 3880 etiam
909 3825 984 3899 prtess
1020 3814 1119 3896 itaque
1140 3813 1213 3877 alias
1232 3833 1267 3874 en
1289 3811 1416 3907 plurium
1441 3811 1629 3875 Ecclefiatnnr
1649 3814 1809 3880 Cathedra·

187 3907 275 3956 textu
296 3891 420 3964 cujusvis
440 3893 882 3978 consuetudinisqvanrocunque
903 3911 978 3960 tem·
1020 3895 1111 3972 lium,
1132 3895 1164 3958 dc
1185 3893 1271 3964 Colle
1292 3909 1415 3956 ratarum
1438 3893 1702 3958 constitutionibus
1725 3937 1734 3961 ,
1755 3911 1810 3962 aut

188 3990 262 4057 pore
281 3970 468 4049 observata,
497 3998 560 4059 quae
588 3976 688 4064 potior
718 3979 881 4118 corruptela
909 3978 976 4044 esset
1016 3997 1051 4042 ex
1090 3996 1182 4061 prava
1211 3915 1415 4039 coniuemdine
1452 3972 1598 4036 observari
1636 3975 1808 4066 intelligere·

105 4114 110 4130 ,
190 4051 346 4130 censenda,
368 4055 476 4120 sivein
551 4080 624 4133 ere,
654 4058 714 4124 five
743 4058 772 4120 in
806 4059 885 4141 pecie
905 4078 974 4142 prte-
1015 4074 1082 4134 tur,
1106 4076 1139 4121 ut
1161 4055 1190 4118 in
1210 4055 1368 4129 eledlione,
1401 4054 1644 4138 presentatione,
1675 4058 1809 4121 nomina·

190 4136 281 4212 liare,
304 4136 435 4215 reddere,
458 4161 495 4202 ve
527 4141 658 4236 eripere,
680 4161 754 4205 neve
772 4136 852 4220 super
873 4140 976 4221 prasii·
1017 4139 1116 4212 tione,
1138 4136 1339 4211 institutione,
1361 4135 1610 4209 confirmatione,
1631 4136 1808 4213 collatione,

190 4216 247 4294 tis,
270 4217 409 4296 redditis,
429 4217 477 4285 vel
498 4220 605 4286 tradita
623 4241 660 4284 eo
688 4219 776 4300 usque
805 4222 975 4302 quempiam
1016 4219 1064 4285 vel
1085 4218 1144 4281 alia
1186 4218 1342 4290 rovisrone,
1367 4218 1423 4280 sive
1453 4216 1621 4282 admissione
1652 4217 1688 4279 ad
1751 4218 1811 4285 sses-

114 4338 120 4346 ·
191 4296 223 4362 in
244 4299 373 4374 iudicio,
394 4299 442 4363 vel
464 4318 549 4365 extra
570 4302 643 4366 illud
664 4299 823 4385 inquIetare
843 4302 978 4367 auderent
1018 4302 1127 4366 stonern
1148 4238 1269 4373 aiicujus
1289 4297 1470 4362 Carbedralis
1493 4298 1645 4376 mestoc,
1675 4322 1713 4364 ve
1756 4302 1809 4374 Be,

189 4380 417 4463 quoquomodo,
440 4380 487 4450 vel
509 4383 645 4446 turbare.
1017 4379 1143 4457 nesicii,
1179 4379 1442 4457 canonicatuum,
1472 4397 1523 4443 aut
1560 4379 1807 4457 prebendarum,

193 4519 198 4526 .
232 4461 264 4535 §-
288 4484 314 4538 ³·
335 4464 381 4526 Ac
399 4461 491 4537 illos,
511 4465 561 4545 qui
583 4468 748 4539 juramenta
776 4461 903 4539 illicita,
924 4465 978 4528 im·
1018 4465 1067 4527 vel
1088 4477 1201 4559 partem
1223 4480 1439 4544 proventuum,
1461 4461 1507 4525 seu
1535 4462 1570 4523 ad
1600 4461 1812 4528 dissribnrienm

190 4536 353 4625 posibilia,
374 4542 538 4622 damnosa,
573 4547 621 4611 vel
646 4546 843 4614 Eccreoanice
863 4545 979 4609 liberta-
1018 4543 1205 4624 quotidianas
1225 4558 1309 4607 certa
1340 4542 1519 4607 conditiones
1549 4539 1596 4604 seu
1629 4542 1811 4608 deduiiionae

190 4619 241 4700 ri,
262 4639 311 4688 aut
329 4624 451 4696 decretis
467 4624 540 4694 dor·
563 4627 694 4702 eoncini
709 4626 867 4696 obviantia
886 4625 982 4710 exige·
1023 4645 1059 4692 ex
1078 4623 1232 4705 stuciibus,
1253 4621 1442 4700 solutIonee,
1471 4619 1671 4712 promisionee
1687 4667 1704 4719 .²
1722 4644 1766 4696 eo

1704 4724 1773 4790 ,a
