4075 5275
308 113 1489 232 424unun11un.

250 238 414 312 servantia,
434 232 467 297 bt
486 224 612 304 cuiusvis
629 225 785 304 losiituti,
807 225 854 291 sen
873 224 1042 321 Congrega-
1084 245 1223 304 mamus,
1267 221 1380 309 illisqtse
1412 224 1599 294 inviolabilis
1627 232 1808 320 Apostolieae
1838 242 1891 309 fis.

249 314 343 385 rionis
370 314 496 382 uniuersi
516 305 638 375 Ordinis
668 306 833 385 hujusmodi
854 307 1041 391 Supetsomm
1083 307 1198 371 mitaris
1227 304 1316 370 robur
1345 305 1528 380 adjicimus.
1566 311 1704 383 Praeterea
1733 345 1886 391 memora.

246 397 383 482 scripta,
414 395 462 462 seu
480 393 587 481 quovis
607 390 668 454 alio
687 406 831 472 pretextu
851 389 987 453 roborata
1007 389 1043 452 li·
1085 390 1126 455 tis
1141 387 1296 461 ,Eremitis
1333 384 1385 452 sub
1422 391 1521 487 pranis
1560 392 1591 456 in
1630 398 1731 467 eisdem
1766 406 1888 472 Urbani

249 479 350 549 nentia
366 478 487 566 desuper
505 471 697 545 accesserint,
728 487 762 535 ut
782 468 929 534 Habitum
949 469 1045 546 hujus·
1086 467 1291 564 ptaedecelsntis
1317 468 1448 564 ‘Littetts
1489 473 1646 559 expressis„
1666 488 1884 570 precipiam,¹

249 562 332 629 modi
352 582 421 628 curn
441 557 578 648 prodido
596 550 749 636 Caputio,
771 551 819 617 uel
839 552 973 628 Tunica,
992 551 1046 617 seu
1084 569 1117 616 ut
1147 570 1356 646 promarum,
1391 549 1577 653 facilioriqoe
1598 581 1700 626 eorum
1730 570 1880 636 afferri.

248 638 643 727 Mmtellofflsprzsertnr,
665 630 799 698 consulto
817 633 964 709 deserant,
981 630 1044 698 sub
1084 634 1138 698 bus
1170 631 1240 696 dieti
1261 631 1385 698 Ordinis
1415 635 1611 715 discrimine,
1647 643 1682 709 de
1710 666 1806 716 cetero
1833 653 1877 718 ut.

248 727 312 793 lata
331 726 456 802 ejusdem
476 720 599 788 Ordinis
609 717 648 780 Su
686 713 827 793 rioribus,
852 716 861 777 i
884 714 1044 798 tisquelo·
1084 732 1132 780 tra
1151 713 1304 792 Barbam
1334 717 1444 798 gellent
1475 720 1568 785 ahot
1588 724 1738 792 Tunicam
1768 732 1879 799 brevio·
2018 762 2019 769 ¹

250 829 352 876 corum
373 805 559 881 Ordinatiis,
581 821 616 866 ac
670 795 764 893 unciis
785 736 990 892 Apotiolicis,
1013 797 1046 861 ἃ
1085 817 1176 873 rem,
1218 794 1395 882 solitumque
1426 798 1573 884 scapulare
1612 805 1661 870 lon
1685 809 1729 876 ‘us
1758 811 1883 893 Pallio,

251 911 352 958 eorum
369 888 490 956 cuilibet
515 882 620 971 quavis
641 878 814 944 auslontate
842 879 976 943 ltcerttias
995 879 1049 944 ltu·
1088 877 1135 944 seu
1156 877 1334 955 Mantello,
1375 880 1413 944 ad
1445 881 1644 951 differentiam
1696 892 1880 960 ostiariorum

255 971 381 1051 jusmodi
410 971 550 1053 cuiquam
571 960 774 1039 concedendi,
807 981 840 1024 ac
861 961 979 1025 denum
1001 982 1047 1025 ea·
1092 958 1374 1024 commensalium.
1407 960 1602 1032 Decementes
1633 971 1707 1054 ipsas
1735 972 1881 1058 presentes

250 1052 383 1120 mendum
413 1071 515 1121 1000st
535 1045 717 1135 presentium
746 1042 911 1120 volumen,
945 1041 978 1104 dt
998 1063 1046 1106 or·
1086 1043 1213 1106 Litteras
1233 1039 1343 1125 semper
1364 1042 1491 1123 firmas,
1525 1047 1669 1130 validas,
1703 1055 1735 1118 ἅ
1755 1054 1879 1125 efficat„

250 1136 412 1214 dinamus,
445 1133 521 1201 ntsr
563 1126 685 1211 uispiatn
714 1121 774 1190 tale
803 1122 1044 1218 deferensucapu-
1086 1123 1232 1198 existeres
1263 1123 1294 1186 ἅ
1314 1121 1405 1199 fore,
1437 1124 1555 1209 suosque
1574 1131 1751 1213 plenarios,
1788 1139 1820 1202 ἅ
1840 1138 1881 1204 in-

252 1220 329 1287 tium
348 1263 358 1298 ‚
379 1217 427 1286 vel
448 1236 516 1283 cum
538 1154 684 1286 licentia,
713 1203 763 1301 yel
784 1205 840 1272 fine
861 1225 921 1279 ea,
945 1225 1045 1270 mven·
1086 1221 1193 1286 tegros·
1213 1203 1329 1269 effeetus
1358 1204 1483 1285 sortiri,
1511 1210 1544 1271 δι
1562 1212 1700 1280 obtinete
1728 1239 1762 1281 ac
1793 1219 1880 1300 illis,

252 1323 301 1372 tus
321 1300 436 1379 suerit,
465 1295 599 1362 Carceris
619 1291 807 1363 detentione,
839 1287 967 1351 Habitus
1008 1285 1045 1347 ti-
1088 1286 1124 1350 ad
1143 1307 1218 1369 quos
1240 1284 1367 1370 speeies,
1398 1286 1430 1351 dt
1452 1308 1505 1373 pto
1523 1308 1657 1376 tempore
1677 1299 1880 1378 quandocnm.

252 1387 400 1459 vatione,
435 1381 467 1445 dt
487 1377 555 1443 aliis
574 1368 747 1439 Arbitrariis
767 1369 862 1454 prunis
882 1368 920 1433 ab
940 1365 985 1432 eis
1015 1388 1046 1430 m
1087 1388 1143 1451 qne
1165 1366 1321 1451 spedlabit,
1344 1368 1375 1430 in
1388 1371 1539 1447 omnibus,
1561 1373 1650 1458 &per
1670 1380 1794 1458 omnia,
1819 1384 1881 1467 ple·

253 1465 436 1540 Ordinariis,
457 1456 631 1526 &Nuntiis
650 1452 774 1517 omnino
816 1449 951 1514 uniatur.
973 1450 1046 1512 Non
1087 1448 1199 1513 nitstme
1222 1447 1369 1532 suffragati
1390 1495 1399 1525 ,
1417 1452 1448 1515 dc
1469 1453 1505 1516 ab
1526 1452 1583 1519 illio
1603 1454 1756 1542 respeflive
1779 1463 1883 1530 invio.

253 1547 431 1614 obslantibus
459 1536 752 1611 Constitutionibus,
843 1531 1046 1596 ordinationi·
1087 1531 1242 1606 labiliter,
1274 1531 1306 1595 δι
1325 1532 1482 1596 inconcuiie
1501 1534 1674 1603 observari.
1704 1541 1812 1624 Sitque
1845 1547 1881 1610 in

255 1632 310 1697 bus
329 1624 525 1713 apotolicis,
548 1623 607 1687 &o
965 1696 972 1709 .
1110 1609 1237 1676 raemiffis
1257 1630 1310 1696 per
1339 1611 1520 1708 quoscunque
1538 1618 1650 1688 ludices
1669 1622 1875 1705 Ordiuarios,

296 1714 409 1777 Datum
417 1715 515 1772 Rome
533 1700 609 1788 apud
626 1696 892 1763 salemanniam
902 1698 1044 1778 Masonem
1126 1693 1213 1760 ¹lJele
1234 1711 1321 1771 atos,
1343 1712 1434 1758 ettam
1455 1696 1599 1761 causatum
1618 1701 1723 1764 Palatii
1742 1706 1874 1788 Aposio-

250 1790 422 1880 subdendo
432 1791 591 1868 Piscatores,
601 1779 763 1846 dimoti.
775 1778 1043 1841 MDCXXXVHI.
1084 1773 1134 1839 lici
1156 1775 1346 1851 Auditores,
1378 1779 1409 1840 δι
1429 1777 1510 1839 diste
1537 1780 1617 1842 Sedis
1634 1782 1785 1858 Numine,
1825 1789 1868 1859 ju-

257 1873 437 1951 pensaturus
457 1869 548 1949 Netini
568 1871 648 1929 Anno
667 1861 851 1937 decimosesr.
873 1863 1047 1922 ntmnta·
1088 1857 1197 1933 dicari,
1217 1857 1250 1920 de
1269 1855 1384 1922 definiri
1404 1859 1524 1936 debere,
1546 1881 1583 1923 ac
1603 1859 1743 1939 irritum,
1763 1865 1796 1927 dt
1811 1865 1870 1927 ina·

255 1960 380 2022 sudu.
403 2000 412 2018 .
434 1957 502 2016 Loto
521 1948 560 2028 ele
581 1944 708 2009 annuali
728 1942 903 2021 Postumis.
1087 1961 1152 2016 ne,
1183 1940 1203 2001 fi
1225 1937 1303 2003 secus
1322 1935 1404 2022 super
1425 1940 1471 2003 bis
1489 1962 1507 2003 a
1522 1961 1673 2025 quoquam
1703 1945 1807 2027 quavis
1826 1965 1877 2008 au·

297 2036 374 2099 Gom
396 2050 517 2110 autem,
540 2031 609 2095 ssent
628 2023 748 2090 dileiius
769 2020 863 2086 Filius
883 2021 1048 2087 Modernus
1086 2021 1220 2087 &ritate
1242 2019 1379 2097 scienter,
1401 2021 1448 2085 tel
1471 2022 1635 2103 ignoranter
1654 2025 1813 2110 contigerit
1834 2039 1879 2092 at·

255 2119 429 2185 Procurator
439 2110 591 2180 Generalis
610 2106 735 2185 ejusdem
743 2105 864 2167 Ordinis
874 2103 970 2169 Nobis
992 2126 1046 2168 nn-
1087 2101 1216 2169 tentari.
1238 2103 1311 2169 Non
1330 2102 1510 2169 obstantibus
1529 2105 1587 2168 bac.

249 2197 424 2283 pererponi
438 2195 527 2271 secit,
548 2189 700 2267 nonnulli,
721 2184 876 2274 prasertim
886 2183 1045 2265 Eremita,

253 2297 358 2345 contra
376 2276 528 2363 prefatum
549 2271 663 2339 Urbani
692 2266 897 2365 predecessoris
916 2267 1045 2335 Littera-
1086 2269 1197 2332 um
1204 2269 1355 2333 namuri
1369 2263 1424 2346 sab
1445 2268 1558 2333 Annulo
1574 2269 1727 2349 Piscatores
1745 2267 1795 2333 die
1802 2271 1879 2335 m.

251 2382 319 2430 rum
338 2380 468 2429 muntem
488 2403 498 2437 ,
520 2378 554 2422 ar
575 2353 790 2438 dispostionem
822 2349 951 2435 ipsorum
971 2353 1043 2416 Fra·
1125 2356 1204 2415 Μαίὶ
1223 2350 1457 2415 mccxxiii.
1487 2349 1677 2428 Pontificem
1707 2353 1800 2433 Nosln'
1818 2359 1876 2419 Aa·

251 2459 334 2511 trum
354 2443 498 2508 Habitum
522 2459 588 2504 cum
598 2432 747 2521 Caputio,
765 2453 825 2498 non
847 2433 905 2499 tine
924 2454 1041 2499 eorum·
1122 2458 1158 2498 no
1176 2437 1290 2519 quinte.
1866 2436 1873 2447 '

255 2527 323 2595 dem
342 2525 490 2599 Ordinis,
521 2542 555 2585 ac
575 2520 714 2582 Fratrum
734 2515 898 2595 dedecore,
927 2516 960 2582 a
979 2537 1044 2597 pet·
1543 2520 1579 2580 F.
1602 2514 1692 2579 card.
1714 2516 1875 2583 oliverius.

254 2609 425 2677 turbatione
454 2603 560 2672 deserte
580 2598 779 2686 presumant,
811 2598 932 2681 indeque
952 2598 1043 2683 pluri·
1125 2597 1198 2676 Qua
1226 2596 1320 2662 ambe
1347 2595 1579 2664 constitutiones
1607 2594 1724 2664 feserunt
1764 2598 1792 2662 in
1821 2600 1875 2663 lin·

255 2713 308 2757 ma
327 2690 457 2755 scandala
475 2705 543 2751 ante
564 2684 618 2747 bac
638 2699 704 2746 orta
724 2680 854 2759 suerint,
876 2701 909 2745 ae
931 2680 1045 2748 indies
1085 2701 1173 2764 mam
1195 2679 1329 2745 Italicam
1351 2678 1524 2756 translata,
1556 2682 1588 2746 δι
1608 2680 1764 2765 publicata
1784 2682 1814 2746 in
1834 2680 1878 2746 ln-

256 2776 412 2849 oriantur,
443 2768 540 2832 Nobis
566 2779 719 2848 propterea
746 2762 839 2826 ditius
869 2763 1045 2829 Procurator
1084 2762 1127 2827 cis
1147 2758 1241 2828 solitis
1260 2760 1350 2827 Urbis
1369 2776 1405 2827 ut
1424 2759 1572 2845 sequitur.

255 2852 408 2919 Generalis
427 2847 580 2914 humiliter
593 2843 747 2929 supplicari
767 2841 853 2920 seuit,
875 2861 908 2907 nt
930 2843 960 2908 in
996 2867 1045 2910 τε·

253 2933 345 3000 missos
365 2955 384 2998 o
405 2949 528 3017 portum
540 2927 692 3014 providete
712 2927 747 2991 de
768 2923 949 3007 benignitate
992 2948 1045 3010 po·
1200 2926 1226 2991 B
1248 2927 1276 2992 Ε
1295 2928 1328 2991 N
1352 2926 1381 2990 E
1401 2925 1432 2990 D
1451 2925 1480 2990 E
1499 2928 1532 2989 Τ
1550 2927 1582 2990 Τ
1601 2928 1633 2991 0
1671 2927 1763 2992 xm.

254 3014 357 3082 siolica
375 2953 590 3098 dignaremur.
621 3013 687 3104 Nqs
709 3007 799 3091 igitur
827 3005 952 3102 ejusdem
974 3009 1046 3073 Pro-

254 3097 396 3163 curatoris
424 3083 575 3159 Generalis
594 3092 711 3168 Votis,
749 3088 803 3152 bac
835 3108 865 3149 tn
895 3109 926 3153 re
953 3109 1045 3171 qnan-
1127 3089 1247 3155 Furono
1269 3090 1300 3154 in
1321 3088 1398 3155 altro
1418 3106 1522 3175 tempo
1541 3092 1608 3157 date
1627 3089 1700 3156 fuori
1720 3089 1755 3151 da
1778 3088 1871 3151 Urba·

255 3195 320 3244 tum
341 3199 408 3244 cum
429 3176 563 3241 Domino
583 3170 897 3256 possumns,benigne
918 3190 1044 3237 annuere
1084 3190 1124 3234 no
1145 3171 1239 3234 Vlll.
1279 3171 1308 3234 di
1339 3171 1388 3236 sel·
1422 3191 1512 3236 mem.
1545 3175 1652 3237 Noslro
1681 3169 1870 3235 Predeceilore

253 3260 414 3337 volentes,
445 3279 511 3322 eum
533 3277 569 3320 ue
589 3276 607 3317 a
624 3253 774 3338 quibusvis
796 3252 1043 3317 Excommunica·
1083 3252 1201 3319 lettere
1221 3253 1250 3314 in
1273 3252 1347 3315 firnil
1369 3252 1464 3319 forma
1483 3254 1511 3320 di
1534 3253 1622 3320 Breve
1641 3249 1686 3318 del
1705 3268 1805 3318 tenore
1825 3249 1870 3314 se·

255 3342 374 3417 tionis,
409 3277 629 3421 Suspenisonis,
664 3333 894 3410 uteremini,
925 3333 1046 3418 aliisque
1085 3351 1211 3419 guento,
1231 3333 1319 3400 cini:

250 3418 457 3485 Ecclesiasticis
488 3415 665 3492 sententiis,
701 3416 856 3492 censuris,
890 3414 922 3477 δι
950 3416 1047 3499 poenis

253 3524 273 3565 a
292 3501 306 3572 J
312 3520 388 3578 ure,
419 3496 466 3566 vel
488 3497 525 3561 ab
544 3494 691 3571 homine,
722 3494 827 3579 quavis
855 3496 1003 3563 occasione
1029 3543 1040 3575 ,
1206 3496 1317 3561 Urbane
1335 3501 1420 3563 Vtri.
1441 3523 1461 3562 ι
1474 3500 1576 3579 sutura
1595 3498 1743 3572 mensoria,

253 3581 302 3650 vel
333 3576 418 3644 causa
447 3579 540 3656 latis,
572 3575 716 3659 siquibus
744 3576 966 3661 quomodolibet
997 3580 1042 3640 in·

253 3662 377 3727 nodatus
398 3659 518 3738 exiliit,
550 3659 585 3722 ad
606 3655 738 3722 effessum
770 3656 952 3742 presentium
972 3657 1044 3723 dun-
1128 3661 1155 3723 1.
1176 3659 1352 3737 Portando,
1385 3684 1470 3729 come
1490 3663 1519 3726 ci
1540 3662 1600 3727 sece
1621 3680 1697 3746 poto
1716 3656 1746 3721 sa
1766 3654 1890 3743 esposse

254 3761 339 3809 taxat
360 3741 591 3827 consequendum
622 3741 725 3803 harum
746 3738 815 3805 serie
834 3736 1044 3819 absolventes,
1087 3740 1108 3803 il
1141 3740 1247 3806 diletto
1268 3742 1418 3827 figliuolo
1441 3747 1618 3811 Pmcnmtm
1639 3740 1783 3807 Generale
1814 3737 1890 3803 dell'

200 3852 202 3854 ’
253 3828 285 3891 &
305 3823 470 3890 absolutum
501 3822 561 3888 sore
581 3821 754 3897 censentes3
783 3820 948 3898 huiusmodi
977 3821 1041 3906 sup·
1082 3823 1195 3888 Ordine
1225 3822 1270 3888 de’
1288 3827 1371 3889 Frati
1392 3825 1511 3892 Minori
1541 3824 1617 3891 della
1638 3821 1766 3906 Regolar
1788 3820 1891 3885 Osset·

251 3905 461 3996 plicationibus
490 3904 625 3970 inclinati
654 3904 688 3967 de
719 3903 940 3970 venerabilium
969 3905 1040 3968 Fra·
1082 3926 1175 3969 vanua
1194 3904 1224 3967 di
1246 3906 1466 3985 S.Frarcesco,
1492 3907 1599 3982 molti,
1623 3905 1643 3967 li
1664 3902 1746 3987 quali
1771 3904 1794 3968 st
1817 3903 1890 3968 abn-

250 4007 330 4053 trum
354 3988 515 4051 noslrorum
536 3986 644 4051 San&
663 3987 805 4050 Romana
817 3986 949 4051 Ecclesia
970 3986 1042 4050 Cat·
1083 3983 1152 4051 sano
1172 3985 1331 4053 dell‘abito
1353 3987 1636 4062 de‘FrariTetaiarj
1657 3986 1701 4051 del
1724 3981 1893 4050 medesimo

251 4070 393 4135 dinalium
425 4067 577 4151 negotiis,
617 4067 649 4132 dt
678 4066 939 4133 consultationibus
969 4067 1042 4153 Epi·
1083 4068 1195 4131 Ordine
1215 4068 1245 4133 di
1266 4072 1321 4133 Sat
1343 4069 1522 4148 Francesoo,
1543 4090 1600 4135 una
1621 4067 1757 4152 semplice
1780 4069 1891 4131 Tona-

253 4147 426 4235 scopornm,
449 4150 480 4213 δι
501 4152 545 4215 Re
566 4150 690 4214 ularium
711 4169 770 4233 prae
811 4150 955 4234 storum,
986 4148 1039 4231 qui
1081 4170 1116 4213 ca
1138 4150 1225 4232 lunga
1243 4195 1253 4228 ,
1274 4174 1294 4216 o
1316 4152 1360 4214 tol
1383 4153 1562 4228 Mantello,
1593 4148 1718 4215 osenna
1738 4149 1771 4211 di
1795 4149 1890 4225 esso,

252 4229 388 4325 dileiium
419 4228 514 4296 filium
588 4230 719 4294 inillrum
751 4169 923 4296 tieieraum
952 4229 1041 4294 Ordi·
1082 4229 1205 4316 osopra
1228 4234 1392 4314 ponendori
1414 4253 1522 4299 ancora
1542 4233 1564 4295 il
1586 4228 1766 4317 cappuccio,
1790 4252 1811 4294 o
1835 4252 1892 4314 ag·

252 4331 299 4375 nrs
329 4310 455 4395 prodisti
495 4311 612 4400 delbper
642 4312 820 4387 audierunt,
860 4334 893 4375 ac
925 4331 1042 4376 namara
1081 4314 1185 4395 gionto
1215 4315 1274 4377 alla
1293 4317 1441 4392 Tonaca,
1475 4335 1497 4380 o
1515 4313 1614 4380 cucito
1643 4316 1680 4378 ad
1711 4312 1768 4377 ello
1791 4312 1894 4376 Man·

253 4392 475 4470 attenderunt,
517 4391 675 4470 consilio,
716 4391 895 4477 praeinsertas
926 4394 1040 4458 Urbani
1082 4395 1155 4458 tello
1187 4394 1270 4461 senza
1291 4396 1402 4462 licenea
1422 4398 1469 4461 de’
1479 4394 1627 4481 Superiori
1656 4394 1731 4460 della
1761 4392 1895 4479 soprad-

288 4473 457 4539 aedecessotis
474 4475 623 4554 'litteras,
663 4476 848 4557 omniaque,
887 4476 919 4540 ἀ
950 4476 1042 4558 singen·
1083 4473 1352 4561 dettaReligione,
1375 4479 1500 4544 ealcuni
1521 4478 1551 4543 di
1573 4477 1638 4543 loro
1659 4476 1800 4576 vagando
1823 4475 1896 4575 spo-

264 4578 282 4622 a
312 4556 342 4619 in
373 4554 414 4621 eis
447 4575 612 4634 contenta,
651 4556 871 4622 aufloritatell
914 4557 1040 4631 ilolica,
1084 4559 1106 4620 ri
1129 4558 1311 4624 de'Chioslri
1336 4559 1597 4625 scandalosamente
1615 4603 1625 4638 ,
1645 4561 1681 4623 ed
1703 4579 1896 4706 impropria·

254 4649 355 4722 ten'pre
388 4636 571 4724 presentium
608 4639 834 4724 approbamus,
936 4640 1039 4704 coniit-
1084 4659 1182 4707 nette
1203 4640 1282 4708 serto
1304 4640 1396 4728 speeie
1418 4644 1446 4708 di
1467 4641 1735 4730 pellegrimzione,
1759 4662 1784 4707 o
1829 4643 1897 4706 ‘al-

1801 4743 1858 4792 tto
