4075 5275
330 149 420 248 406
625 137 1180 245 EPISCOPUS,
1238 138 1495 223 Aut.VI.

194 285 246 327 rot
271 258 365 335 Officii
384 252 532 317 ordinarii
560 273 637 315 mm.
661 275 708 318 12.
731 254 760 316 si
781 273 880 319 tamen
902 253 1061 340 Episcopus
1100 252 1154 315 tol.
1175 250 1464 330 intepretentur
1484 271 1588 335 oportet
1609 262 1828 339 mmuffidu
1848 282 1896 329 α,

269 335 417 403 occasione
451 333 460 397 ἰ
515 332 585 398 elius
618 332 654 395 ad
687 332 904 399 succurrendum
944 334 1059 400 necelli·
1100 335 1187 413 cusas.
1209 349 1291 392 tram.
1311 332 1343 395 ἃ
1363 335 1540 399 concordare
1560 334 1675 401 videtur
1693 342 1817 428 Pirbing
1836 346 1891 409 lib.

268 417 356 493 tati,
383 416 432 484 uel
510 414 736 500 promovendam
767 414 927 480 utilitatem
949 418 1057 482 Mona·
1103 435 1129 475 r.
1144 413 1243 474 decret.
1262 417 1310 474 tit.
1325 433 1373 508 3‚¹·
1394 414 1522 493 deoffie.
1534 416 1637 481 Ordior.
1657 444 1732 486 narn.
1742 427 1793 503 98.
1815 429 1893 507 vers.

268 498 345 563 lletii
366 496 508 581 indigem
530 494 666 569 oonsilio,
686 495 718 558 ce
737 496 848 560 rutilio
868 497 988 572 alicujus
1008 518 1057 581 pe
1100 495 1262 557 Notandum
1281 512 1381 570 tertre,
1402 496 1454 558 ubi
1467 498 1589 578 loquens
1609 500 1753 569 decadem
1775 529 1804 571 te
1818 530 1889 571 con·

269 580 319 644 riti
341 579 451 655 laici,
486 594 555 640 trutc
616 573 664 638 sset
684 596 801 654 unum,
831 594 883 641 aut
903 579 998 662 plures
1019 577 1057 641 se·
1098 573 1190 638 cludit
1211 575 1277 637 sec:
1306 578 1405 636 Verum
1424 578 1590 657 castineio
1618 580 1700 665 bajus
1718 604 1777 668 cap.
1796 589 1887 651 laeum

269 682 339 726 cum
360 663 460 725 ducem
480 657 516 720 ad
537 673 626 720 taem
648 654 741 720 solum
763 655 873 734 frtrem,
897 659 968 740 quia
987 677 1057 721 tunc
1096 674 1209 718 tantum
1226 654 1337 732 haber,
1359 659 1470 738 quondo
1488 661 1640 737 vtsttmtrsr
1660 670 1818 745 Monaflert'a
1837 675 1885 734 υἰ-

270 742 395 819 Laicus,
417 759 474 802 non
495 754 645 819 tamquam
667 757 782 814 cuntes,
803 740 835 802 dt
849 737 940 803 socius
961 740 1053 821 ingre·
1091 759 1198 814 tsrum,
1220 742 1252 799 in
1271 738 1430 812 visttaiane
1448 764 1515 805 veto
1535 745 1756 823 Monafieeiorum
1776 756 1884 814 Mania

269 824 405 897 detetur,
434 816 512 900 quod
533 818 572 881 esl
592 816 803 901 prohibitum,
834 817 880 883 sed
900 837 1053 901 tamquam
1093 819 1164 880 lium
1179 818 1354 900 scrutandum
1375 820 1412 897 ess
1430 824 1652 901 quadssaor'tur
1671 831 1886 894 inelementia

268 904 382 967 Peritos
411 898 603 975 necessarius,
637 916 725 987 prout
754 898 905 964 deducitur
934 922 968 963 ert
999 900 1057 963 alia
1094 901 1268 980 a.§.1psos
1286 921 1378 961 mrem
1399 904 1577 981 Visstatores,
1596 906 1632 967 de
1644 909 1720 986 flatu
1740 913 1887 975 Monachu-

269 984 392 1058 eiusdent
423 982 512 1043 Sacra
532 977 708 1061 Congregat.
739 978 910 1045 resolutione
941 1003 1055 1043 emana-
1097 1001 1177 1042 tum:
1198 980 1248 1042 ubi
1267 978 1401 1056 definitur
1419 1008 1547 1047 nummus
1566 987 1799 1053 admittendorum
1820 1013 1882 1056 tere·

268 1082 300 1128 ta
324 1063 369 1124 18.
385 1060 514 1124 februar.
534 1080 646 1143 stop,
667 1080 756 1142 quam
780 1059 886 1134 refert,
917 1064 948 1125 ἅ
967 1061 1056 1143 origi·
1095 1080 1160 1142 pore
1179 1060 1348 1134 visitationis
1368 1068 1538 1128 Martialium
1559 1069 1622 1132 &a
1645 1070 1691 1133 Ex
1720 1073 1825 1153 quibus
1843 1097 1879 1139 re·

269 1142 376 1207 naliter
397 1143 426 1204 in
452 1140 597 1205 Archlvio
617 1141 788 1224 Tragurien.
811 1142 918 1206 lettari
939 1142 1058 1206 testatur
1098 1141 1142 1205 fle
1163 1140 1247 1205 resert
1257 1141 1420 1208 Monacell.
1442 1168 1506 1209 eam.
1519 1170 1546 1227 3.
1567 1154 1614 1211 tir.
1630 1172 1655 1213 t.
1664 1152 1779 1229 famul.
1790 1176 1841 1230 41.
1854 1182 1882 1219 a.

267 1225 329 1288 Pax
339 1224 400 1296 lor.
413 1222 562 1287 elucubrat.
574 1238 640 1283 tom.
653 1242 680 1284 2.
693 1221 745 1283 lib.
756 1243 785 1301 7.
800 1227 848 1285 tit.
864 1243 910 1284 12.
925 1249 953 1285 n.
969 1245 1058 1304 103.,
1104 1230 1150 1283 16.
1169 1222 1248 1302 qood
1259 1222 1437 1309 Episcopus,
1458 1230 1489 1290 te
1507 1226 1629 1309 quilibet
1650 1232 1727 1296 aliut
1749 1235 1883 1300 Prolatus

267 1304 297 1368 in
320 1324 378 1386 qua
399 1303 434 1365 stc
456 1304 594 1368 liabetur:
619 1302 675 1364 Nes
685 1301 800 1375 vilitate
819 1305 988 1381 t'Manafleri
999 1302 1056 1364 des
1098 1301 1242 1366 Vilitator
1254 1306 1392 1369 excedens
1408 1307 1515 1371 ditium
1538 1330 1687 1374 numerum
1709 1313 1800 1391 osio,
1823 1337 1882 1401 pee-

266 1389 292 1451 le
313 1382 448 1447 Monaebe
467 1387 574 1448 entrino
595 1404 642 1446 con
662 1387 694 1446 V.
706 1389 736 1445 5.
758 1406 774 1444 o
788 1384 839 1463 [teo
857 1388 964 1447 Vicario
978 1387 1054 1466 seila
1095 1404 1146 1446 nas
1166 1384 1393 1450 Constitutionis
1412 1388 1547 1471 Gregorii
1568 1392 1715 1465 incurrit,
1737 1397 1790 1477 qui
1813 1420 1884 1463 vero

264 1484 354 1531 mente
370 1464 644 1549 personelitlipiose,
667 1465 703 1527 ed
721 1464 802 1543 tuelle
818 1465 933 1547 secondo
951 1466 1053 1530 laBol·
1096 1463 1173 1525 ditio
1194 1485 1316 1529 nurnero
1336 1486 1519 1534 contentatur
1536 1515 1545 1545 ,
1579 1473 1665 1568 legem
1688 1493 1747 1536 non
1769 1477 1880 1556 ledit,

265 1552 295 1610 la
315 1549 348 1610 di
369 1550 420 1611 rte
432 1552 486 1625 V.,
507 1570 522 1609 e
540 1568 592 1610 non
611 1548 645 1609 ν’
653 1550 724 1609 antri
744 1546 827 1609 alcun
847 1548 936 1622 laico,
952 1550 986 1627 se
1005 1572 1058 1611 noo
1097 1545 1148 1628 qui
1170 1563 1270 1609 autem
1291 1548 1384 1612 uritur
1401 1551 1528 1625 minori,
1551 1555 1650 1617 merrus
1670 1552 1758 1617 facit.

264 1628 375 1715 quando
401 1628 585 1693 l’Ordinario
612 1629 639 1691 lo
657 1626 809 1711 giodieaffe
839 1627 980 1708 neeeffario
1005 1647 1059 1715 per
1138 1625 1299 1723 Eiscopus
1336 1631 1539 1697 contmsaciens
1577 1633 1750 1718 dispositioni
1790 1640 1879 1705 ditia
1902 1662 1957 1720 104

266 1712 348 1777 aleten
367 1709 453 1793 giulio
471 1711 603 1793 resperso.
1095 1646 1322 1773 Condituttonis
1352 1712 1486 1795 Gregorii
1506 1715 1594 1776 Xlll.
1632 1716 1776 1797 incipient.
1807 1724 1873 1783 Du-

189 1816 246 1861 toa
308 1792 456 1857 Numerus
495 1787 677 1874 personatum
718 1788 873 1875 qualitates
906 1789 1053 1872 requiscet
1094 1786 1177 1865 biis,
1208 1809 1262 1873 pro
1280 1792 1381 1873 prima
1411 1794 1475 1859 vice
1497 1794 1615 1857 incurrit
1634 1795 1809 1862 interdisium
1830 1804 1868 1867 ab

265 1872 467 1947 habentium,
497 1890 568 1952 quas
590 1870 696 1955 Episco
719 1893 750 1935 us
775 1872 872 2012 potest
893 1869 986 1934 securri
1010 1874 1053 1936 in·
1096 1869 1217 1952 ingress'u
1240 1871 1392 1951 Ecclesia,
1406 1894 1467 2018 pro
1489 1873 1605 1938 secunda
1628 1874 1744 1938 incurrit
1764 1876 1868 1962 suspen.

265 1956 415 2019 troducere
445 1951 475 2015 in
506 1948 645 2014 Clausura
705 1951 875 2029 oninium,
915 1955 1054 2034 quemvis
1095 1950 1202 2015 fiunem
1225 1974 1244 2015 a
1265 1975 1383 2017 munere
1425 1954 1587 2033 ontificali,
1609 1958 1641 2019 dt
1659 1957 1822 2034 aDivinis,
1844 1962 1874 2023 te

266 2035 345 2100 ind.
367 2031 581 2101 Constitutione
602 2033 663 2095 Gre
683 2032 843 2097 uriinll.
865 2050 924 2095 non
945 2035 981 2098 fit
1003 2036 1051 2100 de·
1093 2033 1275 2115 protensa,
1298 2035 1450 2101 acdeince
1503 2037 1620 2102 incurrit
1640 2042 1876 2104 excommunica·
1986 2061 1989 2063 ’

264 2116 455 2189 terminatus,
477 2130 574 2177 tamen
589 2133 648 2176 non
661 2054 744 2178 debet
764 2115 815 2178 esse
829 2117 939 2190 major,
961 2136 1051 2199 quam
1093 2114 1207 2177 tionem
1237 2114 1299 2198 ipso
1329 2115 1404 2179 satio
1433 2056 1537 2197 essone
1564 2118 1621 2181 alia
1652 2120 1875 2196 declaratione,

266 2197 361 2274 otio,
393 2213 426 2259 ut
447 2193 520 2260 resse
553 2190 639 2258 solvit
661 2196 789 2278 Pugnan.
820 2199 851 2257 in
871 2199 910 2256 eis
930 2214 990 2280 cap.
1015 2204 1055 2260 Ur
1094 2212 1177 2258 textu
1196 2196 1322 2279 expresso
1343 2197 1372 2259 in
1392 2199 1469 2263 dicta
1489 2199 1645 2263 constitut.
1667 2201 1727 2264 ibi:
1751 2201 1837 2283 Quod
1852 2203 1881 2276 fi

259 2281 344 2363 juxta
364 2300 439 2342 num.
452 2297 500 2357 30.
523 2272 567 2337 hit
588 2274 701 2340 verbis:
723 2275 965 2359 Ponderoprt'mo,
987 2304 1053 2343 nam
1094 2279 1325 2353 contrafecerint,
1347 2280 1442 2341 eadem
1461 2280 1621 2343 aussoritate
1634 2280 1811 2359 statuimus,
1832 2287 1879 2364 qui

262 2372 292 2423 ln
312 2358 495 2420 declaratort'a
516 2359 640 2437 Gregorii
666 2381 718 2419 non
739 2360 938 2422 determinatur
957 2385 1049 2423 nunte-
1091 2357 1268 2433 Pontificalir
1287 2360 1436 2444 dignitatis
1451 2365 1577 2441 fuerint,
1598 2384 1640 2422 eos
1655 2382 1705 2445 pro
1722 2368 1814 2443 prima
1833 2368 1876 2425 vi-

261 2460 308 2502 sus
321 2444 519 2523 personarum,
539 2459 607 2517 quot
628 2438 742 2499 Pralati
759 2440 867 2522 poffunt
882 2443 976 2521 secum
997 2446 1048 2505 du·
1090 2462 1136 2513 se,
1158 2463 1213 2521 qua
1225 2445 1447 2520 contrafecerint,
1469 2443 1507 2505 ab
1526 2444 1643 2525 ingressu
1655 2444 1777 2519 Ecclesia
1796 2449 1877 2508 inter·

261 2542 321 2585 care
342 2525 416 2584 intra
431 2518 515 2599 septa
536 2517 697 2594 Monollert'i
710 2522 900 2597 Martialium,
921 2522 1051 2586 determi·
1092 2519 1196 2596 ditia,
1214 2540 1265 2605 pro
1281 2525 1405 2603 secundo
1424 2550 1444 2587 a
1464 2548 1572 2587 munere
1594 2525 1778 2602 Pontificasi,
1802 2526 1839 2589 Θ
1858 2550 1878 2587 a

260 2619 345 2668 nnat
372 2618 465 2663 tamen
484 2600 523 2677 ,ἐπ
540 2603 683 2679 praestata
702 2601 879 2667 clementina
898 2607 1051 2670 Attenden·
1091 2605 1211 2668 Divinis
1224 2606 1392 2689 jaspensos,
1413 2630 1446 2669 at
1465 2606 1587 2691 deinceps
1605 2608 1663 2690 ipso
1678 2608 1757 2686 sadda
1775 2605 1874 2689 absque

260 2702 328 2761 tts,
358 2685 394 2745 de
408 2680 483 2760 flatu
503 2679 660 2745 Monachus.
682 2706 701 2745 a
719 2707 775 2767 quo
793 2683 958 2763 cinssr'rueia
979 2692 1047 2752 Gre-
1087 2688 1149 2747 alia
1170 2684 1352 2751 declaratione
1371 2694 1613 2753 excommunicatos
1631 2690 1763 2769 exussere.
1784 2688 1870 2752 Allo
1898 2708 1951 2771 105

256 2764 1045 2924 illllil''li'lds{siltff'i‘lsslllll‘l‘
1088 2765 1341 2934 surgun
1358 2770 1872 2936 {sternutamentis

259 2928 429 2990 troducerens
445 2923 562 3007 plures,
593 2950 677 3008 quam
699 2926 755 2991 offo
783 2927 827 2992 ibi
846 2934 859 3010 (
876 2923 942 2993 idell
962 2930 993 2992 in
1014 2931 1044 2993 d.
1087 2895 1390 2995 nalletithsnialium
1413 2932 1589 3014 ingreditur,
1612 2954 1669 2996 non
1685 2932 1796 2999 servata
1816 2932 1872 2996 fot·

258 3006 469 3083 Clementina)
477 3006 648 3090 prefinitas,
669 3012 764 3092 utique
773 3028 868 3093 peenas
887 3011 1050 3092 corfiitutio·
1092 3033 1142 3076 rna
1161 3012 1242 3077 disia
1263 3013 1488 3076 Constitutionis
1501 3014 1733 3096 Gregoriinll.
1755 3021 1811 3076 non
1831 3015 1871 3076 eli

183 3109 237 3174 1⁰3
260 3092 368 3154 nienon
380 3087 544 3166 madmena,
568 3088 813 3175 (abreptarum.
837 3093 938 3172 Nam,
958 3111 989 3158 ut
1005 3095 1048 3176 ip·
1091 3094 1175 3178 Papa
1195 3092 1356 3167 reservata,
1377 3094 1450 3158 unde
1510 3098 1562 3159 tell
1581 3095 1617 3157 ab
1630 3094 1760 3160 inferiore
1777 3092 1866 3157 abstol-

257 3168 285 3235 se
295 3171 446 3254 Fagnanus
466 3192 556 3247 n-tr.
578 3170 617 3235 <t
625 3173 685 3269 sep.
707 3173 830 3258 probat,
852 3195 919 3238 cunr
941 3176 1044 3259 fignifi-
1087 3174 1141 3250 vi,
1173 3195 1240 3240 cunr
1265 3172 1398 3239 Pontisei
1420 3176 1457 3240 ab
1468 3176 1625 3240 olutionenr
1648 3176 1696 3239 fibi
1716 3196 1773 3239 non
1795 3174 1861 3237 reti·

256 3250 335 3316 catio
356 3249 433 3315 illius
456 3252 534 3315 verbi
572 3259 646 3316 aucis
667 3276 696 3317 tn
718 3257 778 3329 jure
800 3254 834 3319 fit
853 3256 962 3334 uaria,
985 3280 1045 3325 non
1086 3256 1210 3334 nutrit,
1241 3274 1274 3321 ut
1295 3256 1352 3320 late
1371 3257 1475 3339 probat
1496 3258 1621 3340 Pugnan.
1641 3261 1671 3321 in
1690 3275 1749 3340 cap.
1770 3258 1867 3337 Nuper

254 3331 334 3398 valet
355 3331 451 3395 restrin
474 3353 519 3396 ere
560 3333 646 3398 isium
668 3357 840 3412 numerum,
864 3335 908 3401 sed
922 3338 1044 3407 arbitrio
1087 3359 1136 3402 eo.
1157 3338 1191 3398 de
1207 3341 1325 3419 sentam.
1346 3360 1511 3402 esummm.
1532 3365 1561 3402 n.
1577 3340 1624 3418 38.

255 3410 410 3487 iudicantis
432 3412 629 3496 reloquitur,
653 3432 686 3479 ut
706 3433 791 3481 notat
812 3417 912 3483 Glosa
931 3424 961 3482 in
981 3441 1041 3506 cap.
1124 3418 1285 3502 Episcopus
1306 3420 1407 3501 nequit
1427 3421 1555 3501 delegare
1574 3419 1696 3502 simplici
1717 3415 1869 3482 Sacerdoti
1895 3418 1956 3490 rod

255 3495 405 3576 Cupientes
424 3492 617 3568 §.Ceterum
638 3498 668 3556 in
688 3495 767 3559 verb.
785 3500 1043 3567 Contradieentium
1082 3499 1250 3565 facultatem
1283 3500 1466 3564 benedicendi
1490 3505 1574 3563 Sacra
1593 3518 1787 3584 paramenta,
1818 3497 1874 3561 nifi

248 3575 400 3657 paucitas,
421 3570 457 3632 de
469 3572 590 3637 eleslion.
612 3576 642 3636 in
656 3579 684 3636 6.
708 3578 789 3642 &in
809 3586 1038 3664 capitaneorum,
1081 3581 1117 3643 ad
1139 3582 1195 3644 hoc
1215 3581 1318 3645 lrabeat
1339 3581 1459 3664 speciale
1480 3583 1664 3664 privilegium
1686 3581 1765 3645 Sedis
1787 3582 1872 3661 Apo-

253 3655 284 3732 §.
307 3655 441 3751 desurper,
465 3657 495 3718 t'n
514 3653 592 3719 verb.
614 3658 739 3736 Paucis,
762 3658 795 3720 de
816 3668 937 3748 rescrips.
959 3668 989 3729 e'n
1011 3670 1041 3728 ό.
1082 3663 1205 3739 stolieae,
1227 3684 1245 3724 a
1265 3682 1323 3743 qua
1342 3681 1441 3727 tamen
1463 3663 1608 3728 interdurn
1622 3660 1789 3726 conceditur
1809 3680 1873 3743 per·

173 3793 175 3795 ,
254 3734 422 3799 Arbitrtum
444 3757 514 3801 vero
534 3736 569 3800 td
584 3736 597 3808 l
602 3737 659 3801 uris
679 3740 885 3808 eufrenonem
908 3767 966 3809 non
988 3768 1040 3810 ert·
1083 3741 1158 3808 sonis
1171 3744 1200 3805 in
1215 3742 1365 3838 [lignitate
1379 3744 1573 3808 Ecclesiastica
1585 3743 1767 3819 constitutis,
1787 3740 1872 3805 duur-

253 3816 409 3893 tenditut,
432 3837 498 3880 cunt
520 3817 618 3902 potius
637 3816 739 3883 debeat
759 3843 777 3885 a
797 3823 864 3895 lure
886 3825 1039 3905 regulati,
1082 3825 1170 3889 modu
1193 3824 1224 3887 in
1245 3846 1286 3887 ers
1307 3846 1363 3888 non
1395 3827 1428 3889 stt
1449 3825 1610 3902 adhibenda
1641 3823 1719 3888 sacra
1747 3824 1868 3902 undio,

251 3912 284 3959 ut
304 3913 389 3961 notat
411 3895 488 3962 Berr.
509 3902 541 3963 in
563 3902 684 3962 Estrav.
704 3906 755 3965 Aa
772 3907 988 3986 reprimendum,
1009 3911 1041 3971 in
1081 3905 1129 3969 vel
1152 3904 1249 3970 oleum
1272 3905 1425 3980 Studium,
1447 3926 1511 3988 qua
1530 3908 1567 3969 ab
1589 3905 1650 3991 ipso
1670 3923 1787 3971 tanturn
1796 3904 1871 3988 Epi·

250 3974 330 4042 verb.
345 3975 493 4042 ridebitur
512 4002 587 4044 mm.
597 3980 627 4042 8.
640 3979 732 4044 cesar
752 3982 889 4049 deGrass.
910 3986 1038 4068 deerf'7.
1083 3984 1168 4071 scopo
1197 3987 1360 4062 ordinato,
1391 3988 1422 4050 ἃ
1450 3986 1616 4051 consecrato
1647 3987 1869 4063 benedicenda,

248 4081 323 4156 num.
333 4080 363 4158 73
385 4058 521 4141 &deeifi
533 4061 562 4123 8.
584 4084 659 4125 num.
673 4082 700 4125 a.
722 4063 801 4141 (94.
822 4066 983 4147 defensent.
1001 4069 1041 4133 <t
1082 4067 1268 4151 inungendo,
1299 4068 1331 4130 dt
1350 4068 1541 4133 consecranda
1570 4066 1663 4144 sunt,
1698 4085 1744 4166 ut·
1760 4066 1871 4132 censuit

249 4139 1037 4313 nisisillzfalnlil'rlifsntlnfsln:
1079 4152 1559 4312 ilnsszssurlslsls·
1576 4172 1608 4294 it·
1619 4148 1869 4311 filiiflii?

251 4316 304 4360 xus
325 4299 358 4362 fit
379 4321 514 4366 numerus
533 4302 568 4368 ad
582 4302 649 4369 otto
669 4302 818 4387 personas,
843 4307 911 4371 ralis
933 4331 1032 4373 nume·
1078 4329 1125 4385 14.
1137 4314 1216 4373 lesaii
1240 4314 1327 4374 1616.
1349 4313 1379 4375 in
1405 4310 1817 4398 Saonen.3.Deeembr.1616.
1838 4314 1871 4373 ire

248 4397 296 4441 tus
316 4377 355 4443 est
375 4382 590 4458 attendendus,
621 4385 651 4447 dt
672 4386 708 4448 fic
730 4384 821 4451 intelli
844 4391 917 4452 endo
946 4391 1035 4455 verba
1075 4392 1224 4454 Taurinou.
1256 4395 1288 4455 in
1318 4393 1457 4470 prunetae.
1489 4393 1529 4458 (7
1551 4393 1705 4471 Taroiſsna
1737 4414 1766 4454 a.
1789 4395 1868 4453 Μιὶὶ

246 4456 299 4521 illa
318 4482 337 4520 a
353 4465 453 4543 paucis
474 4466 597 4527 comitati
616 4464 805 4530 declarantia
846 4491 858 4529 r
894 4469 970 4548 orii,
993 4473 1031 4536 eli
1077 4473 1163 4549 1619.
1192 4475 1224 4537 in
1245 4477 1398 4539 Novaritn.
1420 4497 1469 4538 21.
1494 4479 1601 4538 Martii
1624 4479 1710 4540 1620.
1739 4477 1772 4536 in
1801 4476 1866 4534 Τή-

246 4535 405 4605 conformis
425 4543 561 4626 predi&
581 4546 868 4613 clementinorum
888 4571 978 4628 entes,
1000 4553 1031 4615 δι
1070 4550 1187 4616 destino
1207 4575 1238 4632 7.
1326 4555 1366 4634 ste·
1391 4561 1479 4621 1621.
1502 4557 1542 4621 (Ψ
1562 4561 1594 4620 t'n
1613 4562 1806 4638 Cspataqteea.
1819 4575 1868 4616 to·

247 4617 390 4709 inspecie
408 4623 485 4707 quod
504 4625 590 4710 pauci
611 4626 744 4694 dicantur
763 4628 847 4711 ono,
870 4633 1032 4699 routen-
1065 4634 1145 4715 Jult‘t‘
1168 4655 1255 4720 ¹730·
1277 4579 1332 4704 istu
1350 4638 1385 4705 de
1405 4635 1480 4704 utto
1511 4638 1572 4706 uec
1601 4636 1722 4706 seculus
1752 4633 1863 4780 bendqldi·

1746 4737 1798 4782 cen
