4075 5275
79 3466 83 3473 ,
185 3413 231 3459 tes
252 3396 280 3456 S.
306 3400 343 3459 R.

529 134 1225 245 EXCOMMUNICATIO,
1271 138 1394 227 nuo.
1424 146 1477 230 n.
1641 149 1729 257 489

175 247 507 333 arimannorum
529 246 689 311 Catholica
700 246 880 331 Religionis,
902 267 960 312 cet·
1002 249 1112 314 cafione
1132 247 1307 330 causarum,
1336 252 1384 319 vel
1418 256 1602 337 negotiorum
1623 259 1789 334 hujusmodi

174 343 264 408 tiores
282 333 409 409 miuus,
432 328 544 414 illisque
565 329 600 392 ad
621 328 651 390 id
671 329 813 392 auxilium
832 373 842 404 ,
870 328 960 393 confi-¹
1002 328 1157 408 occidunt,
1180 329 1226 396 seu
1245 335 1452 415 quoquomodo
1471 341 1638 421 penuriam
1662 387 1673 418 ,
1703 341 1790 408 botrie

174 424 265 494 lium,
286 419 318 482 ἃ
338 413 467 482 savorem
477 409 698 494 quomodolibet
716 412 866 493 prasiana.
888 410 961 473 Non
1001 407 1018 474 s
1054 409 1144 484 liant3
1165 411 1230 489 seu,
1251 413 1302 493 qui
1324 432 1375 496 per
1396 415 1450 494 se,
1482 419 1528 482 vel
1551 440 1601 504 per
1619 423 1694 487 alios
1713 424 1788 490 dire·

93 507 96 510 ’
174 499 350 569 obstantibus
369 491 595 636 quibuscumcpue
625 489 819 575 privilegiis,
846 489 961 587 quibus·
1031 514 1076 570 e,
1107 492 1155 555 vel
1178 492 1313 556 indirefle
1333 495 1436 559 deliiia
1456 497 1616 572 hujusmodi
1647 503 1787 569 commit·

176 581 222 648 vis
243 577 388 665 personis,
420 573 514 638 Ptinci
538 575 546 634 i
569 592 630 649 ns,
660 571 960 715 Rebuspublicxsssper
1000 590 1089 645 tete,
1111 573 1241 657 exequi,
1262 572 1308 638 vei
1330 593 1511 656 procurate,
1541 601 1591 646 aur
1620 582 1650 644 itt
1681 582 1788 652 eisdem

173 664 258 737 Nos,
280 661 310 724 δι
330 658 431 721 Sedetn
451 675 471 739 p
527 653 614 717 islam
634 651 769 717 basianus
798 674 885 719 conce

176 737 394 820 clebujusmodi
424 735 620 822 prohibitione
650 732 806 818 expressam
837 734 962 799 mentio·
1004 751 1157 811 verentur,
1179 732 1369 816 cujuscunque
1399 740 1645 821 praeminentia,
1674 745 1706 808 δι
1737 746 1790 808 Di.

176 844 245 889 nem
266 841 325 885 non
345 816 536 883 facientibus.
1004 815 1128 898 gnitaris
1148 813 1273 879 suerint.
1686 842 1697 850 ,

216 902 310 966 v111.
333 901 409 966 Item
430 894 750 971 excommunicamus,
784 898 816 961 dx
844 894 963 960 anatbes
1045 895 1136 959 Xlll.
1159 896 1234 961 Item
1256 900 1559 978 excommunicamus,
1579 903 1789 970 &anathema-

177 982 353 1052 matizamus
373 1001 476 1046 omnes
504 976 708 1062 impedientes,
731 975 778 1040 seu
799 976 966 1042 invadentes
1006 977 1130 1041 tiramus
1151 997 1270 1055 omnes,
1291 996 1352 1042 tarn
1376 979 1585 1048 Ecclesiasticus
1602 1027 1613 1059 ‚
1633 1004 1722 1067 quant
1743 986 1789 1051 sa·

180 1087 249 1142 eos,
271 1063 321 1149 qui
341 1061 498 1136 uisiualia,
519 1059 566 1123 seu
584 1058 643 1122 alia
663 1058 700 1122 ad
721 1056 801 1121 usum
823 1059 965 1122 Romana
1005 1058 1114 1123 culares
1133 1057 1334 1141 cujuscumque
1354 1059 1534 1145 Dignitatis,
1564 1065 1616 1147 qui
1638 1084 1791 1148 pretexen-

179 1146 274 1212 Cutia
291 1144 443 1209 necessaria
455 1142 616 1214 adducunt,
638 1160 671 1202 ac
692 1137 781 1202 etiam
802 1149 877 1215 eos,
914 1138 962 1211 ui,
1005 1158 1049 1205 tes
1068 1137 1205 1202 frivolam
1234 1142 1390 1222 quamdam
1420 1143 1645 1227 appeliationem
1681 1169 1699 1211 a
1728 1161 1791 1229 gra·

179 1250 217 1294 ne
236 1227 272 1291 ad
292 1228 457 1292 Romanam
477 1219 598 1284 Curiam
618 1219 825 1294 adducantur,
856 1159 966 1283 ursas·
1007 1219 1152 1296 tramine,
1185 1219 1231 1285 vel
1254 1219 1349 1285 sutura
1379 1226 1547 1290 executione
1575 1225 1664 1291 litter.
1688 1223 1792 1312 siposi.

180 1308 323 1386 ferantur,
346 1301 529 1389 probibent,
562 1301 601 1363 im
641 1299 754 1372 diunt,
787 1297 833 1360 seu
854 1313 965 1379 pertur·
1007 1302 1098 1364 etiam
1120 1299 1150 1360 in
1172 1298 1265 1364 sortna
1287 1302 1405 1380 Brevis,
1436 1321 1496 1370 tam
1519 1307 1642 1390 gratiam
1661 1353 1670 1384 ,
1687 1325 1794 1390 'quam

178 1391 269 1467 bant,
292 1388 336 1451 sen
357 1384 414 1444 hac
436 1380 572 1446 facientes
610 1378 816 1469 esenduntpet
836 1375 881 1450 se,
912 1376 960 1439 vel
1003 1378 1142 1451 iustitiam
1163 1384 1419 1461 concernentium,
1442 1409 1493 1451 nec
1515 1410 1574 1453 non
1596 1390 1792 1466 citationum,

179 1473 283 1540 alios,
313 1460 502 1545 cuiuscunque
523 1459 628 1524 suerint
648 1456 801 1531 Ordinis,
834 1456 963 1534 preemi-
1005 1459 1236 1536 inhibitionum,
1273 1462 1475 1546 sequestrorum
1498 1513 1508 1545 ,
1531 1467 1790 1546 monitoriorum,

179 1548 303 1620 nentia,
325 1542 522 1617 conditionis,
543 1541 573 1604 ἅ
594 1540 698 1610 status,
730 1533 842 1602 etiamst
864 1538 964 1600 Ponti·
1006 1540 1204 1623 processuum,
1226 1545 1483 1627 executorialium,
1503 1550 1536 1612 dc
1555 1549 1680 1614 aliorum
1698 1550 1794 1614 decre:

178 1625 274 1699 ficati,
296 1623 342 1689 seu
363 1623 486 1706 Regali,
507 1640 557 1685 aut
578 1620 637 1682 alia
655 1617 771 1712 quasis·
795 1614 966 1679 Ecclesiasti·
1007 1639 1105 1686 torum
1129 1641 1147 1681 a
1168 1620 1281 1698 Nobis,
1303 1623 1335 1686 ἃ
1354 1646 1373 1687 a
1393 1627 1462 1692 Sede
1483 1630 1615 1712 pradisia
1632 1676 1642 1706 ,
1660 1629 1721 1708 ,sen
1742 1633 1797 1696 Le·

178 1730 230 1782 a,
255 1706 301 1771 vel
323 1706 468 1768 mundana
487 1699 672 1783 praesulgeaut
692 1698 854 1777 dignitate.
1029 1701 1108 1775 atis,
1127 1700 1283 1778 Nunciis,
1310 1704 1343 1766 δι
1371 1706 1584 1775 Prasidentlbus
1614 1711 1721 1778 Palatii
1743 1732 1794 1776 no.

221 1787 276 1849 lx.
298 1787 375 1849 Item
395 1779 702 1853 excommunicamus,
723 1779 755 1841 δι
775 1777 967 1842 anathemati·
1008 1725 1077 1854 sn,
1100 1781 1129 1844 a
1148 1781 1278 1845 Camerae
1288 1783 1461 1864 Aposloiica
1474 1790 1683 1872 Auditotibus,
1705 1785 1798 1859 Cons-

179 1887 281 1934 aamns
301 1886 404 1929 omnes
413 1864 498 1936 illos,
519 1860 569 1943 qui
589 1860 625 1923 ad
646 1861 746 1921 Sedem
767 1858 968 1941 Aposlolicam
1010 1859 1162 1936 missariis,
1185 1859 1305 1942 aliisque
1324 1864 1502 1946 lodicibus,
1533 1873 1565 1934 ἃ
1584 1871 1731 1957 Delegatis
1754 1875 1798 1939 A*

181 1948 348 2023 venientes,
370 1946 402 2009 δι
422 1941 582 2008 recedentes
601 1940 638 2003 ab
657 1939 756 2005 eadem
776 1982 786 2015 ,
810 1938 887 2014 sua,
920 1939 968 2005 uel
1009 1940 1157 2028 postolicis
1177 1960 1408 2019 emanaturum,
1439 1949 1470 2011 δι
1499 1969 1563 2031 quae
1583 1971 1637 2034 pro
1666 1969 1799 2036 ternpore

181 2029 308 2093 aliorum
330 2045 447 2122 opera,
479 2019 683 2116 interficiunt,
715 2018 871 2095 mutilant,
904 2019 967 2103 spo·
1009 2023 1239 2099 emanaverint,
1260 2042 1311 2086 aut
1331 2025 1403 2089 alias
1423 2027 1458 2090 ad
1488 2029 1592 2093 Curias
1622 2030 1795 2112 saculares,

183 2109 279 2182 liant,
301 2105 455 2174 detinentr
474 2123 527 2165 nec
546 2122 606 2167 non
627 2100 694 2165 tllos
713 2121 831 2178 omnes,
852 2101 903 2182 qui
924 2104 966 2175 ju·
1007 2106 1040 2169 δι
1062 2103 1166 2167 laicam
1189 2104 1361 2169 Poteliatem
1384 2128 1549 2187 recurrunt,
1572 2112 1605 2174 &
1621 2111 1658 2173 ab
1676 2133 1730 2188 ea,
1753 2112 1798 2175 in·

182 2186 377 2252 risdisiionem
400 2184 595 2258 ordinariam,
616 2180 662 2247 vei
683 2177 727 2247 dei
794 2201 842 2246 am
864 2201 882 2243 a
903 2182 967 2244 No·
1009 2186 1102 2248 slante
1121 2184 1210 2249 etiam
1233 2184 1308 2247 Fisci
1338 2189 1551 2267 procuratore,
1584 2191 1630 2254 uel
1661 2193 1797 2258 Advoca.

181 2269 246 2347 bis,
266 2267 314 2333 vel
334 2262 609 2340 nolitisludicibus,
630 2263 745 2329 nonita
802 2280 862 2339 tes,
886 2259 967 2325 iiiam
1008 2284 1060 2340 to,
1082 2265 1291 2349 appellationes
1311 2266 1475 2340 huiusmodi
1494 2272 1644 2348 admitti,
1679 2294 1712 2337 ac
1746 2274 1795 2337 lit·

184 2350 236 2414 libi
257 2365 364 2413 temere
384 2346 584 2424 vindicantes,
612 2343 715 2407 similia
735 2362 837 2434 contra
858 2362 973 2407 moran·
1012 2364 1107 2421 teras,
1129 2347 1298 2421 citationes,
1321 2347 1536 2429 inhibitiones,
1572 2352 1603 2414 δι
1632 2349 1797 2436 sequestra,

182 2447 229 2496 tes
250 2430 281 2493 in
302 2429 400 2495 eadem
422 2427 512 2491 Curia
531 2427 637 2491 audent
658 2444 841 2510 perpetrare.
1015 2428 1192 2503 monitoria,
1214 2427 1244 2490 ἃ
1265 2429 1322 2493 alia
1343 2431 1475 2512 ptaedisia
1494 2432 1559 2515 capi
1581 2433 1612 2493 ἃ
1644 2433 1736 2496 teneri
1758 2434 1799 2505 sa·

225 2511 264 2574 Χ.
286 2512 365 2575 Item
385 2506 699 2582 excommunicamus,
731 2504 974 2572 &anathemati
1016 2510 1117 2583 ciunt,
1138 2509 1227 2588 quise
1247 2509 1297 2573 illa
1319 2510 1511 2594 simpliciter,
1544 2512 1590 2575 vei
1623 2512 1679 2575 sine
1697 2535 1800 2579 eorum
1825 2529 1842 2542 ⁸

183 2611 286 2658 namus
306 2611 408 2656 omnes
429 2588 651 2664 interficientes,
685 2587 880 2667 mutilantes,
911 2584 975 2652 vui·
1010 2589 1221 2686 beneplacito,
1256 2591 1287 2654 dc
1316 2592 1478 2670 consensu,
1509 2593 1555 2658 vei
1587 2594 1718 2660 examine
1739 2617 1802 2661 exe·

185 2692 320 2739 metantes
370 2671 555 2748 detinentes,
585 2669 763 2753 capientes,
797 2669 842 2735 seu
870 2670 974 2752 depra·
1014 2669 1150 2753 quuttoni
1171 2671 1365 2750 demandari,
1397 2692 1448 2756 aut
1469 2695 1504 2736 ne
1536 2674 1748 2750 Tabeliiones,
1770 2676 1802 2738 δι

183 2755 288 2819 dantes
308 2754 498 2837 Romipetas,
521 2751 567 2817 seu
591 2746 758 2835 Peregrinos
778 2751 815 2816 ad
844 2751 975 2828 Urbem,
1017 2751 1139 2817 Notarii
1162 2750 1242 2836 super
1262 2750 1424 2825 hujusmodi
1454 2752 1644 2831 litterarum,
1674 2756 1705 2818 ἃ
1734 2776 1799 2836 pro·

184 2835 270 2900 causa
289 2835 475 2910 deuotionis,
498 2831 543 2897 sen
574 2832 812 2918 peregrinationis
840 2832 973 2898 acceden·
1013 2835 1137 2900 cestrum
1158 2831 1371 2912 exequutione,
1399 2831 1613 2910 instrumenta,
1646 2834 1693 2900 rel
1717 2836 1794 2898 Asia

185 2917 301 2992 παρὰ
322 2916 351 2978 in
373 2936 406 2980 ea
428 2930 591 2991 morantes,
623 2915 669 2980 uei
700 2916 737 2979 ab
766 2914 827 3001 ipsa
846 2915 973 2980 receden-
1018 2913 1175 2983 consicere,
1197 2926 1247 2973 aut
1266 2907 1411 3001 consesla,
1433 2915 1526 2995 parti,
1548 2917 1628 2984 cuius
1660 2916 1800 2992 interesi,

187 3014 265 3071 tes,
294 2996 377 3061 &in
398 2997 445 3061 bis
463 2995 563 3060 dantes
591 2996 765 3076 auxilium,
794 2994 976 3066 confilium,
1019 2992 1129 3054 tradere
1150 2991 1288 3067 debeant,
1321 2989 1512 3074 impediunt,
1544 2994 1591 3059 vel
1621 2996 1803 3082 probibent,

185 3076 234 3143 vel
257 3076 412 3142 savorem.
1017 3092 1052 3135 ac
1073 3071 1163 3135 etiam
1184 3090 1296 3154 partes,
1319 3070 1485 3139 seueotum
1507 3088 1659 3156 agentes,
1686 3073 1759 3149 cons
1790 3115 1803 3127 ·

226 3156 282 3217 xl.
304 3158 382 3222 ltetn
404 3157 720 3229 excommunicamus,
750 3154 780 3214 δι
805 3150 974 3215 anathema·
1015 3152 1153 3235 guineos,
1174 3149 1290 3226 affines,
1313 3154 1504 3232 Familiares,
1525 3156 1695 3231 Notarios,
1726 3157 1801 3220 Exe-

183 3235 312 3301 tizamus
330 3259 432 3301 omnes
453 3237 675 3319 interficientes,
698 3230 888 3302 mutilantes,
910 3230 973 3294 vul·
1010 3248 1170 3314 quntores,
1191 3232 1223 3296 dc
1243 3231 1487 3318 Subexequutotes
1508 3236 1671 3300 litterarum
1693 3281 1702 3312 ,
1724 3237 1797 3299 cita·

184 3334 336 3392 necantes,
379 3314 565 3386 ercutientes,
588 3313 633 3380 vel
655 3312 798 3375 ltoslilitet
828 3308 973 3392 insequen·
1013 3314 1149 3389 tionum,
1172 3314 1427 3395 monitoriorum,
1458 3318 1633 3381 &aliorum
1655 3316 1802 3400 pradisio-

358 3337 396 3458 ἓ.
418 3395 602 3467 Cardinales,
627 3391 829 3467 Patriarclras,
854 3391 973 3456 Archie·
1013 3414 1081 3457 rum
1102 3394 1222 3476 capiunt
1240 3439 1250 3472 ,
1271 3400 1467 3480 percutiunt,
1499 3398 1677 3472 vulnerant,
1709 3416 1801 3459 carce·

185 3474 344 3559 piscopos,
366 3477 393 3537 Ε
415 3474 548 3570 iscopos,
570 3470 753 3552 Sedisquesi
797 3472 902 3536 slolicae
921 3473 974 3537 Le
1015 3491 1099 3550 rant,
1120 3474 1268 3549 detinent,
1289 3498 1323 3539 ex
1344 3476 1543 3553 Civitatibus,
1566 3475 1672 3548 locis,
1694 3476 1802 3543 &Re-

226 3572 273 3619 tos
291 3600 300 3632 ,
321 3555 368 3619 vei
424 3575 548 3631 unctos,
569 3570 620 3618 aut
639 3568 727 3616 ensa
767 3553 811 3617 nis
843 3552 975 3618 Dioecest·
1012 3554 1082 3637 gnis
1101 3554 1238 3630 ejiciunt,
1260 3554 1343 3618 bonis
1364 3553 1506 3639 spoliant,
1541 3553 1800 3638 perterrefaciunt,

212 3658 272 3710 ns,
303 3635 501 3713 Tertitoriis,
531 3633 660 3710 Terris,
688 3630 737 3697 seu
766 3634 904 3698 dominiis
923 3633 975 3706 eii·
1014 3638 1187 3700 concutiunt
1206 3678 1216 3711 ,
1238 3635 1269 3696 δι
1288 3638 1506 3700 comminantur
1526 3656 1576 3715 pet
1596 3634 1652 3710 se,
1684 3636 1730 3699 vel
1752 3656 1805 3731 pet

187 3716 320 3790 cientes3
340 3739 392 3783 nec
413 3738 470 3783 non
491 3737 525 3783 ea
544 3714 741 3791 mandantes,
772 3713 818 3779 vel
840 3734 903 3779 rata
924 3714 974 3777 ba·
1015 3716 1129 3793 alium,
1152 3714 1198 3781 seu
1219 3714 1292 3779 alios
1312 3717 1442 3800 publice,
1465 3712 1522 3778 'vei
1542 3715 1685 3790 occulte,
1714 3734 1805 3797 quive

188 3798 320 3874 bentes,
351 3797 398 3863 seu
415 3798 585 3882 ,psallentes
605 3798 635 3859 in
655 3793 698 3861 eis
725 3792 896 3874 auxilium,
928 3793 978 3863 vei
1018 3797 1091 3862 alias
1110 3795 1324 3881 quibuscunque
1343 3795 1470 3941 perionis
1490 3795 1519 3857 in
1541 3817 1671 3877 genere,
1702 3795 1750 3860 rel
1774 3797 1805 3858 iu

188 3877 343 3945 favorem.
1019 3879 1036 3941 s
1067 3881 1128 3955 cie,
1162 3898 1196 3942 ne
1239 3899 1270 3941 ro
1290 3879 1340 3959 qui
1363 3876 1436 3942 usvis
1456 3895 1556 3941 eorum
1590 3875 1716 3961 negotiis
1736 3896 1803 3960 pto·

230 3961 306 4023 Xll.
329 3961 406 4025 item
427 3959 730 4035 excommunicamus,
761 3958 792 4021 &
812 3958 979 4025 anathema-
1032 3958 1189 4039 equendis,
1213 3896 1259 4021 sen
1280 3959 1410 4040 gratiis,
1445 3955 1492 4022 rei
1523 3955 1628 4022 litteris
1648 3960 1805 4040 impetran-

189 4040 318 4105 tizamns
336 4063 438 4108 omnes
458 4042 542 4118 ilios,
562 4042 613 4125 qui
635 4061 685 4124 per
705 4038 754 4117 se,
778 4041 885 4125 velpet
904 4041 980 4105 alios
1018 4042 1081 4117 dis,
1103 4040 1138 4103 ad
1163 4041 1326 4102 Romanam
1347 4036 1468 4103 Curiam
1488 4038 1656 4115 accedant,
1687 4054 1737 4100 aut
1760 4058 1803 4098 re·

190 4121 332 4187 Personas
351 4122 556 4188 Ecclesiasticus
574 4124 755 4206 quascunque
777 4166 788 4197 ,
818 4122 863 4185 uel
896 4122 999 4187 sacu-l
1018 4120 1132 4187 cutsum
1153 4120 1296 4197 habeant,
1318 4117 1364 4184 sen
1384 4119 1491 4201 gratias
1510 4118 1585 4203 ipsas
1606 4163 1616 4195 ,
1648 4119 1693 4183 uel
1723 4116 1802 4181 litte·

192 4203 266 4268 lates
285 4202 321 4266 ad
343 4207 509 4269 Romanam
530 4204 671 4279 Curiam,
693 4202 773 4286 snper
793 4222 891 4268 eorum
912 4225 977 4265 cau·
1019 4225 1064 4268 ras
1093 4223 1111 4266 a
1139 4200 1216 4265 disin
1244 4202 1314 4265 Sede
1345 4201 1531 4279 impetrent,
1562 4198 1609 4265 seu
1641 4197 1806 4283 impetratis

191 4283 245 4361 stc,
267 4283 447 4369 negotiisque
468 4302 663 4360 recurrentes,
693 4304 726 4345 ac
757 4282 807 4344 illa
828 4283 858 4345 in
879 4286 978 4347 eadem
1019 4301 1156 4360 utantur,
1178 4280 1282 4347 disesia
1303 4282 1473 4365 prohibere,
1494 4281 1631 4357 statuere,
1654 4278 1700 4344 seu
1721 4298 1802 4340 man-

191 4362 285 4428 Curia
305 4366 522 4449 prosequentes,
543 4384 594 4429 aut
616 4380 825 4449 procurantes,
847 4365 978 4448 negorio·
1019 4366 1102 4442 dare,
1124 4363 1171 4428 vei
1192 4384 1238 4428 eas
1258 4385 1275 4425 a
1298 4362 1335 4426 ud
1356 4361 1400 4438 se,
1423 4381 1473 4427 aut
1494 4362 1653 4434 Notarius,
1675 4359 1722 4424 seu
1743 4359 1802 4420 Ta·

908 674 959 730 rs,
1002 652 1164 731 auxilium,
1185 653 1355 730 consilium,
1379 657 1425 722 uel
1441 656 1569 724 savorem
1581 665 1707 757 prailare
1725 686 1786 728 non

80 4444 88 4453 ”
191 4462 258 4509 xum
280 4447 442 4526 Gesiotes,
466 4448 664 4523 advocatos,
699 4447 916 4521 procurantes,
940 4442 979 4508 ⁴&
1016 4446 1172 4521 belliones,
1195 4443 1241 4509 vel
1294 4443 1334 4506 ias
1353 4441 1576 4525 quomodolibet
1596 4443 1716 4506 tetinere
1733 4458 1804 4522 pta·

198 4527 346 4607 Agentes,
369 4528 527 4594 senesiam
551 4529 738 4604 Auditotes,
766 4525 813 4589 vel
837 4525 977 4603 iudices',
1023 4526 1163 4593 sumunt.

197 4603 496 4690 superdisiiscaufis,
518 4608 565 4677 vei
586 4607 712 4693 negotiis
740 4607 981 4691 separatoque·
1061 4608 1147 4677 x1v.
1170 4608 1248 4675 Item
1265 4605 1567 4681 excommunicamus,
1588 4603 1620 4666 nr
1637 4600 1805 4745 anaplpema·

1712 4701 1767 4745 tza-
1885 4698 1887 4711 ·
