4075 5275
512 132 758 238 EMPTIO,
787 130 869 217 ET
898 133 1212 242 VENDIT10‚
1254 140 1377 225 Aen.
1406 146 1460 227 II.
1610 150 1732 261 ·323¹

170 248 240 343 quir
258 250 375 336 aliquod
396 269 476 327 vas,
509 246 558 312 vel
577 246 649 389 ‹puid
671 244 764 308 simile
792 245 958 310 communi.
1001 251 1144 309 mmm
1162 248 1236 332 dpp
1259 273 1286 330 ς,
1304 254 1399 335 puna
1425 278 1472 335 ις.
1502 281 1532 320 ῃ.
1553 280 1582 341 3.
1604 257 1799 327 Reiffenstuel,

173 358 219 404 ter
248 350 384 420 putatum
405 330 458 396 esst
486 350 522 393 et
552 326 608 398 vii
638 326 784 401 metallo,
814 328 845 389 δι
865 327 962 409 postea
1000 331 1110 391 [οιαὶ.
1132 352 1243 409 n.197.
1265 333 1409 398 LaCroix
1429 336 1482 399 lib.
1495 362 1524 420 3.
1541 357 1616 422 pare.
1629 361 1657 403 2,
1680 344 1788 419 mg,

172 418 297 501 reperiat
317 415 370 478 esse
398 435 434 477 ex
468 428 567 487 auro,
597 411 646 474 vel
667 423 804 491 argento,
825 406 901 469 nihil
921 425 962 470 te
1003 409 1106 475 &alii
1128 408 1257 492 paffim3
1290 415 1320 476 ἃ
1339 415 1413 478 01,oe
1442 434 1524 501 pam
1544 440 1580 483 ἐκ
1610 419 1662 483 fflo
1684 421 1792 497 omps

176 516 261 565 netur
290 497 433 560 restituere
463 489 640 570 venditori,
670 490 740 572 quia
760 509 860 553 revera
887 487 963 549 tanti
1004 511 1057 566 41.
1078 489 1128 553 ubi
1149 494 1369 556 commendatur
1388 496 1491 582 loseph
1510 546 1520 573 ‚
1541 499 1592 583 qui
1613 502 1709 584 preti„
1729 522 1793 564 cus,

175 580 277 655 emit,
320 577 403 641 uanti
424 591 495 638 tunc
516 569 632 655 valebat
653 569 803 636 secundum
826 588 959 633 commu·
1002 571 1078 635 renti
1099 573 1172 634 emit
1202 573 1412 655 copiofissrman
1454 579 1627 644 uentitatem
1659 578 1788 646 frumen·

175 682 245 725 Μ
278 598 524 727 ΖἎῙΜΟΜΨ
550 674 574 737 ,²
592 673 652 733 Ψ
680 648 838 715 desumitur
857 650 961 725 lustum
1001 653 1052 727 ‘⁰¹’
1073 675 1107 715 θ’(
1127 672 1187 733 (1¹¹0
1209 652 1324 718 sciverit
1334 673 1413 718 cetto
1431 599 1560 723 iuturam
1583 661 1797 739 sterilitatemr·

175 742 304 826 ptetium
325 734 456 802 naturale
475 779 485 811 ‚
504 733 534 796 dt
554 734 673 816 vulgare
693 753 786 795 retum
803 754 813 806 3
832 739 961 794 cononu-
1003 733 1036 795 &
1064 730 1270 814 consequenter
1308 736 1433 816 pretium
1468 738 1563 804 multo
1597 743 1789 825 augendum.

118 847 158 905 ¹4
179 829 247 889 nis.
277 823 362 884 Secus
381 834 479 881 autem
500 812 593 889 esset,
627 814 785 895 stemptor
809 829 882 906 ‘ante
903 831 964 905 em·
1005 813 1132 906 Itemosi
1163 814 1230 954 puis
1260 812 1379 879 scientia
1412 816 1529 898 privata
1562 818 1631 884 sciat
1662 823 1789 907 pretium
1815 846 1855 906 ¹7

197 906 311 969 tionem
331 894 508 982 cognovisset
538 895 748 978 pretiositatem
778 912 819 956 rer
849 909 965 975 penrtur
1005 914 1135 968 mercis,
1179 917 1213 957 eu
1235 894 1368 959 valorem
1399 916 1522 963 monetae
1553 900 1603 964 esse
1624 902 1705 975 brevi
1736 907 1791 967 mi.

176 984 358 1065 rncognitam
379 975 524 1045 venditori
538 975 683 1059 simplici,
706 974 869 1055 &ignaroz
894 989 964 1034 tunc
1005 974 1171 1048 nuendum,
1194 976 1240 1041 vel
1263 978 1550 1060 mercemaliquam,
1572 978 1618 1045 seu
1671 1002 1790 1052 unctam

178 1066 424 1132 enimteneretur
444 1073 559 1142 emptor
573 1053 751 1119 manifestare
773 1056 875 1136 ignaro
895 1073 965 1117 ven·
1006 1056 1059 1119 esse
1079 1054 1318 1138 prohibendam,
1353 1059 1444 1139 potest
1466 1080 1590 1125 mercem
1622 1004 1703 1125 ὥς
1724 1087 1793 1128 ven,

178 1146 268 1210 ditoni
290 1143 495 1226 pretiositatem
513 1138 573 1201 tei.
594 1137 676 1198 Hinc
698 1136 867 1199 srvenditor
888 1132 966 1214 igna-
1006 1136 1072 1200 dere
1092 1135 1187 1218 pretio
1217 1138 1373 1213 currenti,
1407 1138 1614 1223 &expendere
1644 1162 1796 1210 monetam

176 1248 227 1292 tus
247 1224 353 1291 vendat
372 1237 519 1304 gemmam
540 1215 695 1302 pretiosam
717 1233 822 1299 putans
843 1213 894 1277 esse
914 1212 966 1274 sal·
1007 1215 1161 1279 secondum
1191 1218 1322 1281 valorem
1354 1217 1549 1301 presentem,
1589 1222 1621 1286 δι
1651 1226 1727 1287 mio
1756 1228 1796 1291 ,st

178 1308 260 1382 sam,
282 1326 333 1369 vas
351 1319 518 1384 argenteum
539 1316 644 1383 putans
664 1298 716 1362 esle
736 1297 882 1359 llanneum
905 1338 915 1367 ‚
937 1294 968 1354 ἃ
1008 1297 1079 1380 quia
1097 1297 1181 1361 valor
1199 1299 1286 1369 jullus
1306 1298 1344 1360 eil
1373 1300 1456 1365 valor
1476 1303 1592 1384 publice
1622 1324 1736 1368 currens
1756 1305 1795 1371 se-

180 1383 365 1461 hujusmodi,
387 1400 503 1467 emptor
523 1379 654 1444 conscius
676 1377 795 1450 majoris
815 1373 965 1459 perfeetio-
1006 1376 1130 1440 cvndum
1160 1398 1348 1442 communem
1378 1380 1652 1460 existimationem,
1677 1385 1724 1450 vel
1755 1385 1796 1452 se.

180 1470 229 1533 nis
244 1511 254 1541 ,
268 1468 305 1528 'dt
326 1464 410 1546 pretii
433 1482 528 1527 rerum
547 1507 556 1538 ,
578 1456 686 1547 peccat‘
698 1459 852 1539 graviter,
874 1457 905 1517 δι
925 1471 966 1517 te·
1007 1458 1133 1521 cundum
1155 1460 1337 1524 taxationem
1359 1459 1446 1543 legis,
1468 1463 1499 1525 dt
1522 1461 1673 1528 secundum
1695 1466 1793 1547 priva.

175 1565 263 1613 netur
282 1546 316 1607 ad
337 1544 567 1621 restitutionem,
590 1539 744 1606 fiminoris
765 1554 864 1603 emat.
886 1536 967 1597 Veo-
1009 1557 1071 1601 tam
1100 1539 1323 1620 cognitionem,
1341 1538 1386 1605 seu
1407 1542 1651 1609 existimationem
1683 1547 1791 1622 unius3

176 1628 258 1689 ‘³3¹⁰‘
278 1626 375 1703 ‘filma
396 1626 532 1705 quamvls
543 1626 607 1689 ²31¹
629 1625 742 1706 ῐὸὓθῐθῒ
763 1617 892 1685 V²l⁰ftm
906 1616 966 1689 tei,
1008 1621 1092 1682 Unde
1112 1640 1179 1682 cum
1201 1620 1230 1681 in
1245 1621 1298 1683 tali
1318 1620 1488 1686 caluadhuc
1509 1624 1592 1689 duret
1606 1615 1690 1691 valo'r
1711 1648 1794 1692 com.

174 1723 276 1771 tamen
306 1706 358 1769 nisi
387 1707 472 1772 aliter
492 1707 669 1790 exprimat,
697 1699 808 1784 semper
838 1692 966 1762 censetur
1007 1700 1105 1763 rnunis
1125 1699 1286 1782 antiquus,
1308 1703 1354 1766 vel
1376 1727 1410 1768 ex
1430 1707 1581 1770 communi
1602 1707 1792 1775 existimatio·

174 1787 354 1875 intendere,
393 1788 425 1850 δι
454 1787 530 1853 velle
559 1786 681 1853 vendere
713 1803 775 1846 rent
810 1777 965 1873 secundum
1006 1804 1044 1845 ne
1061 1779 1138 1856 ,vel
1161 1802 1195 1844 et
1216 1781 1363 1847 taxatione
1385 1785 1481 1926 lepis,
1512 1810 1547 1850 ex
1568 1807 1627 1868 quo
1649 1788 1693 1852 121
1715 1790 1796 1883 l’sl‘l‘

176 1865 257 1931 suam
290 1868 526 1951 pretiositatem,
567 1866 613 1932 vel
643 1863 772 1928 valorem
801 1861 906 1935 julium
937 1879 965 1919 er
1006 1860 1137 1925 nondum
1168 1862 1202 1923 srt
1223 1881 1384 1941 revocata,
1431 1867 1496 1930 icite
1517 1870 1575 1933 fine
1594 1868 1653 1932 ulla
1685 1869 1794 1942 intulli-

116 1970 153 2032 15
176 1948 473 2030 correspondentem.
504 1948 570 2025 Nec
592 1945 659 2010 talis
689 1962 806 2021 emptor
836 1937 965 2004 conscius
1006 1944 1051 2006 tia
1072 1942 1165 2038 potesl
1186 1964 1266 2006 merx
1288 1946 1391 2019 vendi,
1412 1947 1444 2008 dt
1463 1967 1581 2013 moneta
1600 1949 1721 2033 expendi
1743 1947 1793 2014 suo

174 2030 298 2104 majoris
325 2029 434 2093 valoris
455 2030 521 2104 rei,
552 2029 603 2109 qui
634 2026 821 2089 avenditote
851 2023 964 2103 ignora·
1006 2017 1120 2109 prend,
1143 2023 1175 2086 &
1194 2024 1293 2088 valore
1314 2024 1460 2107 prasenti.
1484 2028 1598 2092 Dicitur
1617 2047 1716 2093 tamen
1738 2053 1790 2094 no-
1816 2033 1854 2095 18

174 2130 246 2187 tur,
270 2128 369 2173 manet
390 2125 470 2174 tutus
490 2109 519 2171 in
541 2106 718 2172 conscientia
739 2126 789 2187 per
811 2105 866 2167 hoc
885 2099 966 2243 pund
1007 2120 1103 2170 tanter
1118 2105 1389 2249 scimtiasvivara,
1409 2108 1480 2189 quia
1499 2113 1663 2172 communis
1683 2109 1792 2174 Doiio·

174 2193 255 2256 dicat
278 2191 424 2255 venditori
447 2190 474 2256 se
494 2190 600 2253 vellete
622 2207 682 2251 tem
706 2186 788 2249 illam
811 2185 866 2246 stne
900 2202 965 2245 ctu·
1008 2207 1073 2250 rum
1094 2206 1161 2250 cum
1182 2185 1241 2250 Cat
1260 2186 1329 2249 inali
1351 2190 1386 2251 de
1407 2189 1489 2269 Lugo
1508 2208 1574 2251 rom.
1597 2211 1624 2251 2.
1647 2192 1721 2272 disp.
1741 2195 1791 2254 26.

173 2273 248 2357 pulo
270 2293 393 2346 emere,
415 2270 531 2335 &ideo
551 2269 649 2334 videat
670 2290 707 2331 an
727 2267 802 2334 velit
824 2285 888 2329 eam
910 2283 965 2347 pro
1008 2294 1037 2333 n.
1052 2290 1117 2347 140.
1140 2285 1241 2345 tener,
1262 2288 1319 2331 non
1341 2266 1466 2333 excusari
1488 2270 1676 2352 Magistratus
1697 2269 1792 2353 ipsos,

175 2353 231 2417 tali
254 2353 348 2435 pretio
369 2352 436 2418 dare
455 2398 465 2426 ‚
483 2349 673 2415 condonando
693 2349 720 2413 ei
740 2392 750 2424 ,
773 2344 883 2428 siquid
904 2364 967 2408 ern·
1008 2350 1060 2433 qui
1081 2372 1116 2413 et
1139 2348 1300 2423 industria,
1334 2348 1404 2429 legis
1426 2350 1691 2433 promulgationem
1712 2348 1792 2415 dille·

175 2431 256 2516 plius
277 2431 401 2509 valeat,
432 2434 464 2495 dr
484 2432 621 2498 venditor
642 2428 828 2494 consentiat.
861 2428 902 2488 Et
925 2447 967 2491 ra·
1010 2450 1104 2505 runt,
1136 2447 1168 2493 ut
1191 2430 1307 2493 interim
1339 2431 1401 2494 suas
1422 2452 1555 2506 merces,
1591 2432 1636 2496 vel
1659 2432 1792 2511 pecunias

176 2514 223 2575 tio
244 2512 282 2574 est
300 2556 309 2591 ,
330 2513 400 2594 quia
420 2515 555 2577 venditor
578 2512 607 2573 in
629 2532 664 2575 eo
685 2507 750 2574 casu
779 2528 837 2572 non
858 2511 966 2573 condo-
1009 2508 1115 2588 majori
1136 2510 1265 2588 valore,
1292 2509 1339 2577 seu
1360 2512 1453 2594 pretio
1475 2512 1600 2577 vendant
1619 2557 1627 2584 ,
1649 2514 1681 2575 dr
1702 2512 1792 2597 respe-

177 2611 230 2658 nat
253 2592 340 2658 libere
359 2637 368 2668 ,
390 2594 422 2657 dt
444 2592 626 2678 spontanee,
650 2589 694 2656 sed
715 2614 748 2655 er
771 2589 874 2674 padio,
896 2590 968 2673 quia
1009 2594 1083 2658 dlive
1105 2595 1293 2676 expendent.
1325 2593 1411 2658 Redle
1432 2610 1528 2656 tamen
1550 2592 1632 2657 addit
1653 2593 1791 2659 Cardine·

177 2691 296 2752 emptor
325 2674 396 2737 alias
418 2697 476 2738 non
499 2674 565 2739 vult
597 2693 720 2747 emere,
751 2672 825 2736 unde
847 2692 905 2735 non
928 2674 967 2737 eli
1009 2676 1045 2739 lis
1065 2676 1099 2740 de
1120 2677 1203 2752 Lugo
1246 2674 1300 2737 osse
1321 2675 1388 2734 illos
1409 2672 1443 2733 de
1463 2674 1638 2750 Magisiratu
1659 2696 1718 2738 non
1738 2673 1791 2738 ali-

175 2755 355 2817 condonatio
377 2756 535 2836 gratuitu,
572 2754 617 2818 sed
637 2753 722 2818 cellro
753 2751 898 2830 onerosa,
934 2771 968 2817 ut
1008 2777 1053 2821 ter
1082 2778 1116 2819 ac
1136 2754 1208 2816 alios
1227 2698 1304 2813 lona
1333 2751 1388 2812 fide
1409 2750 1559 2816 dislrahere
1591 2751 1639 2815 sua
1659 2775 1717 2816 non
1738 2755 1790 2818 ob·

175 2855 296 2918 emptor
317 2857 377 2899 rem
400 2856 500 2907 emata
523 2835 603 2899 ficuti
626 2835 819 2900 mutuatarius
896 2834 963 2897 mit·
1009 2839 1097 2898 slante
1131 2834 1184 2895 tali
1215 2830 1341 2923 notitia,
1362 2830 1477 2923 quando
1501 2831 1529 2892 in
1553 2832 1650 2896 eadem
1673 2836 1789 2913 quanti·

178 2917 220 2978 tit
242 2914 353 2989 usuras,
378 2935 409 2979 ut
429 2918 560 2982 obtineat
583 2936 717 2982 mutuum
739 2918 823 2980 aliter
848 2920 885 2978 rbi
909 2935 965 2973 non
1008 2933 1095 2984 tare,
1120 2905 1222 2970 seclusa
1244 2908 1294 2970 rlla
1315 2925 1444 2985 notrtra,
1466 2911 1623 2976 dislradiuri
1645 2913 1789 2986 suislent3

176 2995 327 3058 dandum.
350 2998 428 3058 Turn
451 2997 521 3066 onia
543 2999 597 3060 hoc
620 2999 708 3061 modo
729 2996 854 3059 excusari
875 2990 964 3072 posset
1006 2991 1037 3052 ἃ
1068 2991 1102 3051 sic
1144 3007 1244 3053 tenent
1274 2987 1325 3052 alii
1366 3011 1432 3054 cum
1474 2991 1591 3074 lllsung.
1614 3012 1636 3057 r.
1655 3017 1686 3072 4.
1706 2994 1736 3055 d.
1760 3013 1788 3060 2.

166 3076 275 3137 omnir
296 3077 408 3158 emptio
430 3077 503 3139 infra
522 3077 774 3158 justum-pretium
797 3069 960 3143 intimum,
1005 3096 1082 3135 mm.
1096 3093 1167 3151 403.

175 3154 387 3234 interrogando
427 3158 606 3219 venditorem
639 3176 674 3215 an
714 3170 867 3214 contentus
897 3151 962 3213 esset
1045 3152 1274 3232 chirographa,
1306 3153 1337 3217 dt
1357 3151 1452 3217 aliena
1472 3153 1580 3219 credita
1599 3155 1789 3237 quantumvis
1811 3177 1848 3236 19

171 3234 229 3298 tali
252 3235 364 3315 pretio,
385 3234 572 3298 condonando
586 3235 632 3309 ei,
656 3233 864 3315 fiamptiusres
885 3232 961 3295 vale·
1005 3252 1110 3306 certa,
1134 3233 1153 3294 sr
1175 3233 1229 3295 fine
1251 3233 1382 3294 molestia
1400 3278 1410 3308 ,
1432 3234 1633 3312 difficultate,
1656 3237 1790 3300 odiosita-

170 3332 250 3380 tet.
285 3318 383 3378 Immo
406 3318 505 3379 eodem
536 3315 625 3378 modo
645 3311 770 3379 excusari
792 3314 881 3398 posset
903 3311 962 3376 usu·
1005 3334 1060 3390 te,
1082 3313 1189 3376 damno
1210 3332 1375 3394 emergente
1395 3362 1403 3387 ,
1423 3316 1467 3378 vel
1492 3318 1570 3379 lucro
1592 3311 1710 3381 c'essanre
1730 3319 1788 3382 eti·

171 3397 268 3459 rarius
299 3396 505 3475 interrogando
537 3396 778 3470 mutuatarium,
810 3417 847 3457 an
876 3393 963 3460 vellet
1005 3396 1035 3477 gi
1066 3411 1239 3475 nequeunt,
1272 3395 1384 3477 possunt
1405 3395 1527 3471 valide,
1561 3418 1594 3459 ac
1618 3398 1699 3461 licite
1728 3399 1787 3463 emi

167 3477 266 3559 gratis
285 3478 479 3556 promittere,
503 3478 549 3542 vel
571 3478 734 3548 condonare
757 3473 851 3541 usuras
870 3520 879 3548 ,
900 3495 963 3556 qva
984 3475 1113 3552 ‘minori
1143 3474 1238 3559 pretio
1267 3480 1348 3547 jutta
1376 3478 1546 3556 qualitatem
1579 3477 1787 3554 difficultatis,

169 3558 217 3621 ob
239 3575 371 3619 mutuum
396 3580 452 3620 noo
475 3558 640 3632 debentur,
672 3574 704 3621 ut
726 3557 800 3621 teile
830 3554 962 3621 observat
1006 3555 1125 3642 periculi
1148 3556 1275 3630 damni,
1308 3557 1338 3618 δι
1359 3555 1520 3628 hujusmodi
1542 3581 1549 3630 3
1571 3565 1618 3622 Sic
1638 3563 1788 3622 communis

171 3638 263 3718 Lugo
283 3636 355 3719 disp.
369 3643 416 3701 26.
434 3639 503 3718 sesi.
514 3640 544 3701 8.
564 3660 639 3699 nuto.
654 3661 719 3717 ¹³7·
740 3639 772 3701 dr
785 3649 884 3703 tenent
896 3637 965 3700 Mo·
1007 3637 1153 3701 Dodlorrrm
1166 3658 1232 3700 cum
1245 3637 1364 3700 Molina
1377 3640 1449 3721 disp.
1468 3647 1533 3719 3⁶¹·
1544 3641 1675 3708 Lavman
1689 3639 1742 3702 lr‘b.
1757 3662 1787 3720 3.

171 3718 242 3781 lina
260 3718 331 3799 disp.
345 3741 411 3799 353.
433 3723 461 3793 ς.
472 3723 643 3802 cajetanus,
665 3719 810 3795 Palatius,
837 3721 964 3793 Bannes,
1005 3719 1087 3782 tradi.
1096 3741 1126 3796 4.
1148 3735 1206 3800 cap.
1223 3739 1268 3798 ¹7·
1290 3719 1319 3796 §.
1342 3739 1369 3799 ς.
1393 3743 1468 3784 norm.
1491 3741 1537 3798 ιι.
1560 3720 1666 3784 Lelirus
1685 3719 1735 3783 lib.
1761 3743 1790 3781 2.

169 3797 330 3872 Salonius,
353 3799 505 3878 Ledesma,
528 3803 558 3863 δι
579 3800 654 3874 alii,
674 3821 749 3882 quor
771 3797 852 3864 affert
874 3800 904 3862 dt
927 3797 964 3862 se
1007 3821 1067 3880 cao.
1082 3822 1130 3861 21.
1152 3798 1244 3860 dubo.
1260 3800 1289 3862 8.
1312 3823 1386 3861 num.
1399 3809 1447 3881 ός.
1470 3802 1617 3862 Haunold.
1639 3799 1719 3864 tradi.
1740 3823 1786 3863 ro.

167 3879 279 3962 quitur
301 3879 377 3942 Salas
407 3881 475 3943 dub.
497 3886 544 3962 3⁶.
576 3891 651 3943 num.
676 3903 701 3960 ³·
725 3881 826 3955 Sporer
847 3898 912 3942 tom.
936 3900 964 3941 ι.
1007 3903 1065 3967 rep.
1092 3902 1115 3942 1.
1138 3901 1258 3943 controv.
1284 3903 1328 3956 ¹4·
1348 3899 1417 3944 rum.
1442 3885 1507 3943 roo.
1532 3880 1713 3946 Reislcnlluel
1735 3882 1788 3944 loc.
1860 3921 1863 3934 ι

166 3959 261 4024 tradi.
274 3964 302 4023 6.
325 3979 385 4044 cap.
399 3983 426 4043 5.
450 3990 478 4025 n.
500 3967 548 4038 69.
570 3979 672 4024 contra
692 3961 863 4032 Caietanum
884 3962 964 4026 verb.
1005 3970 1055 4028 eir.
1075 3985 1151 4025 num.
1163 3967 1211 4024 61.
1227 3962 1331 4042 Sporer
1350 3963 1400 4026 soc.
1423 3966 1471 4025 cir.
1494 3986 1568 4025 num.
1580 3986 1630 4043 47.
1645 3961 1731 4026 Card.
1755 3962 1790 4025 de

168 4046 290 4125 Emptio
310 4067 386 4105 num.
399 4064 427 4105 2.
449 4043 628 4118 Armilsarn,
651 4043 682 4104 δι
700 4040 773 4104 alios
793 4043 868 4124 apud
889 4042 966 4107 Salas
1007 4048 1090 4126 Lugo
1104 4046 1153 4104 soc·
1166 4047 1215 4105 cit.
1237 4064 1313 4104 num.
1325 4064 1375 4122 93.
1397 4067 1459 4125 arg.
1472 4041 1494 4102 s.
1506 4049 1603 4107 Minus
1619 4065 1686 4120 204.
1707 4042 1741 4119 ᾖ
1756 4042 1791 4102 de

169 4123 205 4187 d.
229 4123 300 4187 dub.
315 4129 362 4196 ³⁶·
386 4147 463 4188 num.
481 4148 509 4187 e.
806 4131 807 4134 ’
1007 4125 1173 4209 Reguljur.
1196 4123 1315 4197 immo,
1334 4139 1365 4185 ut
1387 4121 1530 4205 subiungit
1544 4127 1646 4208 Sporer
1666 4127 1716 4185 loc.
1738 4127 1787 4185 cir.
1810 4139 1848 4183 ιο

105 4208 145 4269 16
216 4205 278 4281 Qui
301 4202 420 4268 scientia
441 4207 558 4290 privata
578 4205 630 4269 scit
655 4204 735 4268 brevi
768 4201 892 4285 pretium
914 4227 965 4270 au·
1007 4206 1147 4268 Dodlorea
1168 4205 1273 4268 merito
1295 4202 1401 4266 addunt
1422 4222 1535 4268 tantam
1607 4201 1788 4347 siffis·

166 4288 329 4369 gendum,
353 4289 445 4371 potesi
467 4288 547 4352 licite
577 4309 672 4352 emere
691 4288 787 4368 pretio
808 4286 964 4349 currenti:
1007 4287 1195 4360 sicultatem,
1227 4284 1273 4349 vel
1297 4286 1530 4350 incertitudinem
1563 4285 1635 4350 olut'
1681 4307 1729 4359 rs,
1755 4301 1788 4348 ut

167 4370 216 4431 D.
238 4369 373 4432 Thomas
396 4390 422 4430 a.
449 4392 477 4431 2.
500 4367 589 4446 ques.
601 4391 650 4447 77.
672 4386 726 4427 art.
742 4368 771 4427 8.
792 4367 840 4428 ad.
855 4389 885 4443 4.
908 4367 965 4427 Co
1007 4365 1145 4441 ejusmodi
1166 4365 1396 4459 chirographa,
1432 4369 1462 4431 dt
1482 4369 1590 4432 credita
1611 4367 1706 4430 aliena
1726 4361 1789 4446 pos·

169 4469 295 4512 varruv.
316 4455 346 4514 in
366 4454 467 4537 Regni.
491 4457 637 4515 Peccatum
658 4469 733 4526 part.
746 4469 773 4507 2.
796 4449 825 4522 §.
844 4470 875 4526 4.
897 4454 965 4510 no
1007 4451 1062 4512 srnt
1084 4448 1226 4512 interdum
1247 4448 1372 4510 dimidio
1390 4448 1489 4514 valore
1510 4450 1594 4522 emi,
1625 4448 1657 4511 δι
1677 4446 1789 4522 aliquo·

171 4527 288 4594 Lessrus
308 4531 359 4596 lib.
382 4556 410 4597 2.
432 4555 492 4619 cap.
516 4556 564 4603 ις.
586 4529 655 4594 dub.
678 4553 704 4606 ς.
726 4529 857 4591 Silveller
890 4526 966 4589 verb.
1008 4530 1063 4595 ties
1082 4530 1172 4594 etiam
1196 4529 1339 4603 minoris,
1368 4547 1399 4593 ut
1433 4528 1518 4591 habet
1548 4526 1711 4592 communis
1732 4521 1790 4584 sen·

173 4612 336 4698 Emprioq.
350 4635 396 4708 ις.
418 4642 449 4685 ιι.
464 4620 510 4681 16.
526 4613 713 4699 Caslropasao
732 4608 966 4697 dejoslitr'orom·
1008 4611 1121 4691 tentia,
1143 4611 1173 4678 or
1194 4610 1309 4704 pratis,
1330 4610 1372 4677 Et
1394 4610 1470 4750 rapio
1484 4610 1528 4748 psl
1547 4608 1644 4686 clara,
1664 4598 1789 4754 qullpll
