4075 5275
319 185 404 270 520
533 147 851 238 EXECUTOR
884 141 1198 226 LITTERAR.
1229 139 1667 237 APOSTOLICAR.'

256 273 376 342 dinariis
395 263 565 358 approbati,
586 268 636 334 vel
653 261 823 349 approbandi
842 252 955 334 etiamsi
971 256 1047 355 nullo
1082 273 1159 352 patt-
1178 277 1203 322 i·
1228 253 1267 321 C*
1291 276 1319 320 2.
1343 257 1394 323 ubi
1415 262 1519 329 omnia
1539 265 1575 331 de
1596 264 1663 353 ipsis
1681 289 1811 341 accurate
1833 295 1888 343 ex.

252 356 345 439 gradu
362 350 420 427 fini
440 349 565 436 infigniti
582 352 685 433 aperire
712 347 819 406 litteras
838 344 929 403 Sacra
949 341 1045 404 Poeni·
1087 338 1183 433 plicat
1189 381 1198 401 .

256 435 394 500 sentiaria
412 431 556 512 dejlinatns
577 427 722 511 Magistra
740 430 771 489 in
791 419 965 506 Theoligia,
994 421 1046 484 nel
1086 501 1094 517 .
1128 420 1289 503 Episcopus
1309 425 1361 507 qui
1382 425 1424 490 ob
1444 428 1621 496 tenuitatem
1654 433 1804 505 reddituum
1825 460 1875 510 ες.
1907 466 1950 527 51

255 521 286 581 in
301 523 374 597 June
394 520 530 582 canonico
549 505 729 582 Dofiotibits,
754 505 793 570 (a
813 505 921 570 auditis
941 505 1044 587 confes·
1086 523 1151 566 tatu
1168 502 1203 567 de
1221 502 1360 575 consensu
1381 509 1446 576 Sac.
1468 514 1616 595 congreg,
1639 513 1871 602 Episcopomm,

251 598 373 676 fiinibus
392 596 584 659 recurrentium
603 588 643 653 ad
663 589 891 672 inanimata
911 589 973 651 illis
986 606 1046 671 poe.
1088 605 1145 649 non
1168 585 1273 681 retinet
1292 587 1476 672 vicarium,
1506 599 1609 677 nequit
1630 599 1733 680 exequi
1754 600 1898 670 hiterii*

256 683 377 750 nitentia
405 672 735 757 initiabantur,
765 671 814 734 vel
834 671 868 733 ds
886 673 949 755 iuro
968 672 1047 749 infli-
1090 667 1272 752 apostolicas
1293 668 1417 739 Vicatio
1439 675 1582 752 diteiiat3
1602 685 1666 743 Sat.
1686 687 1774 764 cing.
1795 688 1883 747 cine.

255 763 372 846 gendn,
404 779 444 824 tot
471 754 639 835 absolvere,
672 777 705 816 ac
725 757 755 817 in
775 755 843 817 fore
876 755 1046 838 coafiimtia
1086 754 1117 815 iti
1139 750 1282 816 Attilam
1306 771 1358 830 14.
1378 757 1520 822 Novemb.
1547 764 1634 842 1643.
1652 760 1693 823 ad
1712 785 1737 826 c.
1764 784 1793 845 5.
1815 765 1890 846 Μ.

258 870 313 926 qna
328 861 429 920 cunque
444 837 529 913 fibi,
560 837 673 914 verbo,
705 838 755 899 vel
768 838 873 920 scripto
893 833 1048 916 commissas
1088 853 1136 894 22.
1158 776 1194 895 rit
1215 833 1360 912 resumat.
1389 842 1467 925 apud
1488 840 1644 928 Piguitels.
1665 861 1731 910 tem.
1769 867 1797 910 1.
1820 870 1888 912 φη.

257 924 462 994 adolationes,
492 918 734 1002 dispensationes,
758 923 987 1002 penitentiarum
1005 921 1048 980 in·
1085 915 1156 998 suit.
1180 934 1250 997 342.

196 1034 236 1098 43
256 1002 564 1094 indistincteque,
589 1001 629 1066 (tt
650 1003 764 1082 exequi.
787 1000 869 1063 Idem
892 998 1051 1084 polluntex

257 1082 531 1150 communicatione
548 1103 617 1148 cuin
638 1081 800 1165 privilegiis
820 1080 970 1145 Societatis
995 1078 1048 1143 alii
1206 1078 1297 1142 Nona
1315 1077 1477 1150 additiones
1494 1109 1526 1152 tc
1544 1090 1638 1155 aliena
1656 1111 1763 1160 mma.

254 1166 483 1242 mendicantes,
518 1181 550 1228 ut
571 1162 647 1230 resia
674 1179 759 1229 notat
781 1163 909 1230 Sanchez
940 1159 993 1223 lib.
1016 1162 1050 1224 8.

257 1247 333 1332 disp.
358 1268 407 1330 34.
428 1269 475 1311 nti.
503 1267 548 1310 ιι.
572 1244 739 1329 Rodtiquez
758 1262 826 1308 tom.
851 1243 1046 1327 t.qq.Regul.
1129 1240 1327 1305 Executorem
1355 1245 1532 1315 Litterarum
1561 1252 1801 1333 apostolicarum
1833 1258 1881 1324 uti
1907 1280 1946 1343 5²

255 1328 348 1479 puell.
370 1334 420 1392 62.
440 1352 460 1392 a
481 1353 529 1391 nu.
552 1328 581 1394 8.
601 1331 632 1393 in
650 1326 724 1409 fine,
744 1328 884 1392 Vincent.
907 1329 942 1391 de
962 1323 1050 1403 Jussis
1091 1320 1266 1404 Delegatum
1288 1324 1426 1410 Ptiircipis
1454 1332 1533 1415 posse
1554 1329 1730 1414 subdelegare
1752 1383 1766 1414 ,
1796 1360 1882 1405 com.

267 1411 309 1478 ib.
336 1433 362 1474 1.
384 1433 407 1472 c.
428 1409 460 1474 8.
481 1436 512 1477 n.
537 1431 605 1491 ¹03·
626 1412 657 1474 ot
677 1408 753 1475 alii.
1088 1404 1188 1466 munis
1209 1401 1356 1469 Dodioruin
1378 1408 1522 1475 sententia
1542 1413 1601 1476 eli.
1623 1414 1665 1475 At
1688 1414 1881 1501 dubitatur,

67 1531 72 1548 ι
196 1518 238 1577 44
301 1494 337 1560 In
366 1489 432 1556 casu
485 1512 522 1555 uo
542 1486 1045 1558 SacraPoenitentiatiaconimissto·
1086 1507 1126 1547 an
1146 1485 1204 1580 hae
1233 1482 1290 1566 ipsa
1307 1489 1408 1570 polleat
1425 1494 1570 1587 potellate
1589 1512 1684 1559 certus
1702 1517 1880 1577 exequutor

256 1595 352 1649 nent,
385 1575 416 1638 δι
437 1512 655 1656 inicriptionem
678 1574 720 1638 ita
740 1570 850 1642 saciat,
885 1589 918 1635 ut
939 1568 1050 1655 pluries
1088 1567 1120 1628 in
1141 1567 1265 1630 Litteris
1286 1569 1875 1662 Amnntuuiiidsius:1’nseip,nm

252 1676 311 1742 pto
332 1654 457 1722 faciliori
486 1656 688 1730 executione,
716 1656 747 1717 δι
768 1652 954 1737 expeditione
985 1646 1045 1712 sua·
1083 1647 1236 1732 precedat:
1259 1651 1314 1709 Per
1327 1651 1360 1727 se
1380 1650 1467 1730 ipsunt
1483 1657 1636 1733 cognoseat:
1653 1660 1867 1736 conscientiam

256 1758 325 1806 tum
355 1737 535 1804 Litterarum
565 1735 636 1801 solet
666 1734 788 1799 faceres
825 1734 951 1812 Discreto
985 1734 1053 1793 Vtra
1090 1748 1370 1795 terminaremus:
1402 1730 1435 1790 Si
1452 1729 1529 1791 enim
1550 1730 1645 1791 relatis
1660 1736 1708 1796 uei
1725 1737 1866 1801 similibus
1886 1765 1933 1828 53

227 1818 230 1827 '
256 1820 397 1900 tnnfeffnri
415 1841 448 1882 eit
466 1815 624 1901 approbatis
642 1816 679 1876 ab
700 1813 875 1890 Ordinatio,
904 1833 973 1882 tunc
1016 1833 1048 1876 o·
1089 1813 1185 1879 verbis
1206 1811 1295 1878 eratin
1316 1811 1354 1873 iit·
1372 1809 1509 1873 industria
1521 1807 1665 1884 Persona,
1684 1830 1796 1878 eertum
1816 1816 1871 1892 est,

255 1901 326 1968 terit
346 1898 444 1994 quivis
465 1899 642 1992 approbatus
661 1895 698 1959 ab
710 1894 887 1972 Ordinatio,
907 1894 956 1961 vel
974 1833 1050 1958 eiius
1087 1894 1166 1968 quod
1188 1894 1213 1957 is
1232 1893 1349 1959 tametsi
1368 1889 1515 1987 delegatus
1535 1889 1569 1951 sit
1591 1889 1735 1976 Principis
1755 1913 1878 1974 nequeat

252 1999 307 2066 pet
336 1979 427 2046 diuae
457 1979 585 2042 Litteras
613 1976 777 2061 specialiter
808 1978 962 2062 deputatus
983 1976 1051 2039 illas
1088 1974 1287 2058 subdelegato.
1309 1976 1483 2040 Contrarias
1504 1990 1579 2036 inter
1598 1969 1629 2037 se
1656 1974 1814 2117 opiniones
1837 1996 1878 2040 re·
1900 1999 1947 2059 54

252 2059 388 2145 exequi,
418 2058 609 2126 etiamsinon
641 2060 674 2123 sit
695 2057 836 2140 Magister
867 2059 898 2122 in
917 2058 1047 2126 Theolo-
1087 2056 1141 2121 seit
1161 2059 1282 2141 Rigant.
1312 2062 1511 2121 incontinent.
1533 2053 1572 2114 ad
1599 2058 1696 2135 Regu.
1719 2056 1883 2126 Cancellis,

277 2144 333 2222 ia,
367 2163 420 2207 iieo
443 2141 632 2208 Dectetorum
657 2140 703 2207 seu
723 2140 802 2212 Juris
821 2141 964 2205 Canonici
987 2142 1048 2203 Do·
1088 2140 1187 2220 Regni.
1201 2142 1252 2218 48.
1272 2167 1301 2204 n.
1316 2141 1346 2202 8.
1376 2139 1418 2203 (a
1440 2139 1523 2222 plur.
1539 2137 1664 2216 siquem.
1693 2139 1745 2218 qui
1777 2155 1878 2205 taran
1906 2160 1945 2223 55

255 2166 350 2300 30„
382 2222 452 2305 quia
472 2224 503 2290 in
524 2220 587 2309 ipso
607 2222 724 2288 videtur
752 2223 838 2286 Sacra
858 2223 1050 2290 Paenitentia·
1088 2221 1255 2295 concludit,
1275 2243 1335 2283 non
1357 2220 1434 2304 posse
1457 2216 1639 2299 subdelegato
1660 2219 1681 2281 si
1701 2220 1734 2281 in
1763 2219 1889 2285 Litteris

256 2306 301 2370 ria
321 2302 512 2389 dispensare,
542 2326 594 2369 iiec
616 2304 759 2387 requirere
787 2305 860 2370 tales
893 2305 1051 2388 qualitates
1092 2300 1269 2386 Apostolicis
1287 2301 1398 2365 diuum
1420 2300 1453 2366 sit
1476 2302 1583 2381 Perse
1602 2303 1695 2382 ipsum
1720 2300 1885 2382 procedat.-

256 2385 306 2451 seu
346 2385 461 2463 sadus,
489 2384 629 2468 quamvis
647 2408 705 2451 non
728 2387 762 2449 iit
784 2386 904 2454 aliunde
932 2389 968 2451 ad
990 2387 1047 2450 hoc
1087 2385 1191 2465 Perse
1210 2385 1300 2468 ipsunt
1320 2387 1489 2467 capescat:
1522 2384 1604 2466 polle
1630 2404 1702 2446 veto
1724 2382 1890 2467 subdelega-

279 2409 491 2549 riviegtaeus,
521 2468 580 2536 sive
611 2469 645 2531 fit
666 2468 858 2533 Confessarius
879 2468 1017 2534 secularis
1035 2514 1051 2546 ,
1090 2490 1153 2543 re,
1187 2465 1209 2528 st
1237 2486 1272 2529 ea
1290 2465 1500 2528 tantummodo
1527 2462 1661 2547 apposita
1682 2464 1740 2529 fine
1766 2466 1891 2530 verba:

194 2567 233 2634 ἰς
254 2488 315 2616 iius
345 2548 508 2632 regularis.
542 2549 690 2614 Executot
719 2551 804 2615 debet
832 2551 886 2619 elle
904 2551 1045 2637 approba·
1087 2551 1291 2629 Conscientiam
1310 2565 1388 2609 taam
1408 2564 1568 2610 oneramus:
1592 2544 1678 2627 idque
1698 2546 1770 2642 quia
1788 2547 1887 2611 verbis
1912 2550 1950 2629 56

254 2650 302 2699 tus
323 2630 360 2695 ab
379 2630 536 2697 Ordinatio
556 2630 640 2707 loci,
664 2631 693 2695 iri
716 2655 778 2716 quo
797 2633 910 2701 litteras
929 2633 1045 2716 exequi·
1087 2631 1250 2715 prioribus,
1274 2652 1337 2695 non
1356 2631 1429 2695 item
1450 2625 1660 2715 posterioribus
1686 2628 1807 2695 uidetur
1828 2628 1887 2695 ele·

255 2730 324 2792 tut,
344 2729 378 2777 ut
398 2712 556 2778 declaravit
573 2719 660 2777 Sacra
676 2720 807 2801 congreg.
829 2719 904 2781 tello
919 2717 1048 2781 Vincen-
1086 2714 1135 2777 &a
1155 2712 1293 2777 industria
1314 2712 1465 2778 Persona.

196 2803 235 2880 46
257 2796 302 2860 tio
323 2793 359 2857 de
378 2794 462 2868 Jussis
482 2791 535 2857 tii.
561 2815 587 2857 ι.
609 2817 637 2858 c.
657 2795 686 2857 8'.
706 2822 734 2858 n.
753 2821 803 2873 99.
825 2798 866 2862 Et
885 2800 973 2865 debet
994 2800 1052 2864 esle-
1130 2796 1176 2860 De
1197 2795 1346 2860 Auditore
1365 2795 1516 2869 Camena,
1536 2790 1652 2874 quiesi
1670 2812 1833 2877 exequutor
1853 2814 1886 2858 o·
1910 2815 1952 2877 57

256 2897 274 2938 a
330 2878 470 2945 annitente
492 2875 652 2961 specialiter
681 2876 786 2942 eteuus
805 2921 820 2952 ,
852 2895 884 2940 ut
907 2898 990 2964 patet
1011 2902 1047 2944 ex
1089 2878 1207 2942 mnium
1228 2876 1393 2942 Literarum
1414 2873 1681 2958 Apostolicorum,
1700 2894 1736 2937 aii
1757 2874 1888 2939 cumula·

194 2983 236 3043 47
256 2895 356 3022 veniis
373 2955 516 3022 Clausala
538 2956 620 3041 supra
640 2956 765 3020 adduae
786 2982 862 3023 mm.
886 2981 937 3040 39.
957 2960 1051 3035 Quod
1087 2961 1153 3026 tive
1172 2961 1328 3045 procedere
1345 2958 1443 3024 valeat
1472 2955 1512 3019 ad
1538 2957 1769 3037 exequutionem
1791 2958 1887 3023 Litte-

255 3038 276 3101 fi
299 3057 371 3102 unus
391 3036 582 3103 Confessaiius
603 3062 621 3105 a
642 3038 801 3122 prenitente
822 3040 926 3104 eledtus
943 3036 1050 3121 exequi
1088 3060 1186 3102 rarum
1210 3038 1466 3123 Apostolicorum,
1486 3059 1547 3102 non
1558 3038 1719 3119 incongrue
1739 3037 1789 3103 hic
1809 3058 1885 3119 qua·

255 3117 386 3197 recuset,
407 3118 454 3186 vel
475 3120 516 3187 ob
534 3120 662 3184 nimium
685 3119 815 3203 rigorem
833 3120 989 3204 poenitenti
1003 3120 1046 3181 di·
1090 3118 1185 3184 tituil
1205 3120 1337 3183 Insiluit
1357 3118 1499 3185 dislindiio
1508 3166 1522 3198 ,1
1541 3138 1575 3185 ut
1594 3121 1620 3185 si
1638 3121 1744 3186 Liteta:
1763 3119 1879 3202 expedi·
1905 3119 1946 3201 58

254 3198 406 3343 spirensi,
437 3202 529 3286 potest
550 3203 697 3286 poeuuene
715 3202 807 3267 alium
829 3203 935 3284 eligere
951 3226 963 3277 3
982 3203 1051 3265 San·
1092 3216 1130 3265 tae
1150 3201 1206 3262 fini
1226 3199 1256 3262 in
1278 3203 1381 3263 rinna
1421 3208 1435 3267 i
1468 3227 1515 3265 aar
1532 3208 1675 3284 antiqua,
1702 3201 1752 3266 seu
1768 3200 1798 3262 in
1819 3198 1878 3264 sor·

253 3302 270 3344 c
294 3304 327 3346 ez
346 3280 400 3345 tio.
423 3284 453 3347 8.
467 3284 604 3367 disputat.
618 3307 666 3363 27.
676 3310 753 3348 num.
765 3307 821 3364 40..
838 3285 996 3351 Guttietez
1015 3286 1056 3347 dr
1092 3303 1144 3345 tna
1161 3282 1399 3361 Commiss'aria,
1464 3285 1547 3346 datus
1567 3282 1597 3344 in
1619 3284 1656 3344 iis
1674 3326 1689 3357 ,
1716 3298 1749 3344 ut
1770 3279 1841 3344 solet
1861 3323 1875 3356 ,

255 3359 440 3426 nutriminis
461 3384 521 3447 cap.
547 3386 617 3444 125.
635 3393 664 3431 a.
691 3367 737 3429 i8.
760 3369 877 3430 Lezana
896 3366 975 3433 verb.
987 3367 1050 3428 Lit-
1092 3365 1127 3429 fit
1148 3382 1242 3429 certus
1261 3382 1420 3446 exequutor
1440 3410 1454 3441 ,
1477 3380 1600 3447 nequeat
1622 3362 1751 3424 Auditos
1772 3361 1880 3425 Came

256 3463 321 3504 teta
340 3444 495 3526 Apostolieae
518 3468 566 3505 nu.
591 3467 639 3521 ²9·
663 3446 708 3507 De
729 3448 814 3516 sullis
834 3446 887 3510 lib.
906 3469 932 3509 ι.
945 3464 1004 3544 cap.
1017 3446 1048 3510 83
1091 3468 1128 3510 ιε
1148 3446 1211 3510 ullo
1231 3447 1321 3510 modo
1342 3446 1370 3511 se
1390 3446 1545 3529 ingerere.
1577 3441 1628 3507 Sin
1658 3459 1760 3508 autem
1779 3460 1884 3526 agatur
1908 3463 1950 3525 59

256 3548 285 3587 n·
313 3543 386 3591 122·
405 3520 526 3585 Cottad.
546 3522 596 3584 cit.
617 3521 670 3585 lid.
686 3541 867 3606 7.cap.q.n.
882 3547 933 3606 7²·
954 3528 1053 3593 dicens
1091 3529 1127 3593 de
1148 3526 1254 3594 Litetis
1273 3528 1435 3613 expeditis,
1466 3528 1496 3589 in
1524 3526 1630 3609 quibus
1651 3525 1689 3588 ad
1707 3526 1889 3610 petitionem

253 3603 300 3667 lta
320 3602 392 3687 sape
413 3602 626 3684 interrogatam
647 3601 757 3686 semper
766 3604 934 3689 respondisse
944 3607 1051 3694 ipsam·
1094 3612 1189 3678 Partis
1209 3609 1315 3674 dantur
1336 3610 1366 3672 in
1387 3610 1473 3674 Bulla
1492 3607 1622 3693 separata
1641 3625 1699 3673 tres
1712 3609 1886 3694 Exequuto·
2008 3670 2009 3695 q

193 3690 235 3771 48
256 3704 318 3752 met
340 3687 460 3749 Sacram
482 3682 755 3751 poenitentiariam.
776 3688 927 3754 Etecutor
938 3691 975 3756 ad
986 3715 1053 3764 exe·
1093 3715 1166 3770 res,
1195 3691 1282 3776 pollii
1301 3693 1483 3758 cumulatire
1526 3690 1688 3768 incedere,
1718 3690 1760 3754 iia
1791 3708 1827 3754 ut
1850 3689 1888 3752 fit

257 3767 406 3835 tutionem
428 3789 486 3832 non
508 3765 593 3832 debet
614 3768 749 3834 adhibere
769 3772 880 3849 telles,
905 3791 942 3839 ut
969 3791 1054 3855 patet
1091 3774 1174 3838 locus
1194 3774 1413 3857 prauentioni,
1446 3715 1538 3841 mocio
1558 3792 1658 3838 tamen
1678 3793 1737 3836 uon
1758 3775 1815 3836 tint
1835 3772 1886 3836 de·
1908 3773 1945 3834 io

252 3872 294 3915 ex
316 3849 447 3934 sequenti
466 3847 605 3914 Clausala
626 3851 658 3913 iii
678 3851 802 3916 Litteris
821 3856 930 3939 apponi
943 3855 1049 3922 solita:
1091 3856 1190 3939 putati
1210 3856 1411 3936 Exequutoies
1431 3857 1617 3922 inpartibus
1633 3857 1713 3927 ultra
1729 3855 1801 3920 duas
1817 3853 1888 3918 dia·

256 3933 355 3996 Nullis
367 3935 404 4013 su
422 3954 451 3994 er
469 3931 516 3997 his
536 3929 647 4011 testibus
665 3931 838 4011 adhibitis,
864 3957 916 3998 ant
948 3940 1053 4004 litteris
1091 3956 1136 4002 tas
1146 3959 1156 4011 ;
1177 3937 1299 4020 Rigant.
1319 3939 1371 4003 loe.
1392 3943 1441 4002 rit.
1463 3968 1492 4004 n.
1505 3962 1554 4001 22.
1566 3938 1605 4004 (u
1608 3941 1684 4023 plur.
1693 3941 1821 4023 sequent.
1831 3931 1888 4016 qui

194 4032 235 4093 49
256 4014 353 4078 datis.
405 4013 471 4080 eber
491 4032 590 4079 autent
610 4014 723 4081 litteras
744 4016 900 4095 lacerate,
932 4021 965 4084 dt
986 4019 1049 4085 nul·
1091 4042 1151 4085 una
1170 4037 1300 4099 monet,
1328 4021 1409 4105 quod
1427 4021 1457 4083 in
1481 4023 1613 4099 casibus,
1641 4020 1799 4104 inquibus
1820 4020 1885 4081 Au·

255 4092 368 4159 latenus
387 4096 481 4180 potest
502 4118 549 4161 eas
569 4098 716 4165 restituere
735 4099 887 4177 Onerosi,
925 4100 975 4167 seu
993 4104 1049 4167 La·
1090 4103 1171 4168 ditor
1189 4100 1323 4166 Cantetur
1343 4104 1497 4189 procedere
1516 4126 1575 4169 non
1596 4104 1713 4187 potest„
1741 4102 1883 4167 uranus

254 4175 345 4269 toti,
374 4194 407 4243 ut
425 4196 509 4276 patet
530 4201 565 4243 ex
587 4176 718 4262 sequenti
737 4179 863 4246 clausula
898 4181 928 4245 in
951 4184 1047 4251 Litte·
1089 4184 1121 4249 in
1142 4204 1208 4249 eum
1229 4184 1434 4264 consentiant,
1454 4185 1552 4252 valide
1571 4185 1728 4275 procedat.

254 4274 295 4319 ns
329 4276 366 4339 ap
406 4281 436 4322 ui
469 4258 639 4327 consueta:
683 4262 869 4343 Prosentibus
897 4265 1047 4346 laniatis,
1129 4268 1306 4349 Frequentes
1325 4267 1414 4332 etiam
1437 4268 1471 4331 in
1490 4270 1571 4334 Foro
1591 4267 1656 4333 sunt
1676 4260 1869 4335 mutronetsw
1891 4259 1932 4321 61

253 4359 323 4435 qttas
366 4338 402 4400 ab
430 4360 514 4428 pona
533 4348 821 4411 excommunicationis
840 4346 909 4409 late
933 4351 1043 4429 senten·
1084 4348 1122 4414 de
1140 4352 1305 4415 mutatione
1323 4352 1519 4435 Exequntoris
1539 4352 1721 4416 Litterarum·
1749 4346 1868 4431 Apollo·

253 4435 299 4483 tia
318 4420 425 4482 laniate
445 4432 580 4504 tenearis,
604 4431 648 4491 ita
666 4445 699 4488 ut
719 4428 827 4492 nullum
847 4450 941 4493 emuna
953 4454 1043 4494 exem·
1084 4430 1227 4497 litatum.
1250 4433 1362 4497 Eadem
1382 4451 1482 4499 autem
1500 4432 1631 4498 obtinuit
1650 4432 1815 4504 distinctio,
1834 4438 1875 4487 ut
1896 4424 1935 4483 ⁸⁴²

202 4514 237 4574 50
249 4501 331 4580 plum
350 4520 454 4601 extem
486 4514 582 4608 Nepae
603 4515 699 4579 Lateri
728 4512 879 4592 tellituai.
917 4514 990 4578 Alia
1009 4516 1051 4578 de
1087 4530 1180 4578 certus
1201 4515 1373 4599 Etequutot
1392 4536 1410 4580 a
1432 4519 1512 4599 Papa
1532 4515 1617 4581 datus
1638 4516 1669 4580 in
1689 4509 1811 4578 sinetis
1834 4506 1882 4572 A·

256 4585 470 4650 extentionibus
511 4591 691 4660 Litterarum
724 4596 959 4683 Apostolicaruiu
999 4597 1044 4661 vi·
1086 4597 1233 4681 pssolicis
1253 4598 1397 4684 expeditis
1414 4602 1555 4681 informa
1574 4603 1719 4675 Dignior,
1735 4593 1807 4671 stite
1829 4613 1881 4652 aa·

256 4655 291 4720 ds
322 4666 396 4749 apud
425 4668 535 4745 notun
564 4673 600 4738 dt
619 4680 761 4747 Barasrot.
790 4683 891 4749 litter.
920 4680 1042 4772 Apellis.
1084 4683 1168 4767 effla
1181 4727 1195 4765 ,
1209 4679 1273 4763 [tvi
1289 4684 1467 4764 auxiliata,
1498 4702 1562 4751 non
1579 4679 1635 4748 niu
1653 4679 1689 4747 ab
1709 4674 1879 4825 ipsoml’ans
