4075 5275
302 118 392 232 ‘322
592 104 839 210 EMPTIO,
870 101 951 185 ET
979 94 1289 205 VENDITIO,
1335 92 1459 189 ΛΠ.
1488 96 1544 187 11:

249 255 346 317 quez.
375 220 516 289 Turrim.
538 218 679 285 Dicallill.
703 219 822 300 aliisque
843 212 978 298 plurimis
997 212 1037 274 ci·
1080 210 1132 275 ell'e
1151 210 1337 288 thesaurum,
1359 212 1407 277 vel
1428 213 1535 276 fimilie
1554 212 1613 280 alio
1634 218 1783 303 pretiosa,
1807 228 1873 296 lici>

4 300 29 313 ρ
50 304 76 329 ἃ
101 330 127 345 “
249 313 322 376 tatis
341 305 448 371 Lollius
468 301 522 368 lib.
535 324 562 364 2.
584 326 609 367 ι.
624 324 669 381 14.
689 298 756 362 dub.
770 323 799 379 ς.
821 297 904 377 Lugo
926 314 992 356 tom.
1011 315 1037 355 ι.
1080 311 1111 356 te
1131 292 1232 370 emit,
1263 293 1295 356 dt
1315 292 1390 356 nihil
1410 311 1528 372 tenetur
1557 299 1703 367 rellituere
1723 309 1876 378 venditori

249 394 286 456 de
295 389 385 474 jullir.
408 386 461 469 dis
472 430 481 450 .
494 406 541 465 ¹7·
557 384 626 466 sesi.
640 404 667 444 2.
679 381 776 442 Diana
789 396 866 462 part.
881 395 907 439 ι.
928 375 963 436 de
976 395 1035 439 con·
1078 375 1225 455 ignoranti
1244 419 1270 470 ,ι
1284 374 1355 455 quia
1374 375 1526 473 thesaums
1553 377 1604 451 ille
1633 386 1759 450 omnino
1790 388 1877 473 igno.

249 469 363 537 manib.
384 406 492 551 resoluit.
508 471 558 545 ⁶9·
580 461 729 528 Hounold.
751 477 857 541 com.3.
878 459 1038 520 nummio.
1078 472 1143 532 tus,
1166 457 1196 519 δι
1218 453 1271 520 solt
1292 473 1421 552 emptori
1441 476 1596 541 cognitio,
1619 484 1718 530 revera
1739 464 1769 531 in
1789 492 1876 539 com·
1941 496 1950 505 ·

249 552 363 634 Illlung
382 571 448 614 tom.
469 571 500 626 4.
522 547 552 609 d.
575 568 603 627 3.
625 566 701 608 neem.
723 563 774 618 40.
796 539 901 623 Sporer
922 559 988 601 tom.
1012 558 1041 600 2.
1082 536 1164 599 muni
1193 538 1382 602 aeslimatrorre
1413 560 1472 605 nou
1503 560 1590 624 auget
1620 547 1748 628 pretium
1816 556 1871 632 ri,

249 634 333 698 troii.
353 655 384 711 4.
404 657 424 694 o
443 652 520 694 nnn.
542 645 610 687 ιιι.
632 623 682 687 ubi
712 620 801 685 solide
820 618 947 683 defendit
967 618 1042 681 hanc
1083 618 1209 703 adeoque
1230 619 1354 704 pretium
1372 640 1554 699 commune,
1577 624 1608 686 δι
1627 628 1782 711 vulgaroe
1825 640 1869 709 ju.

248 713 420 779 oinionem
450 704 587 773 soluendo
619 703 745 767 rationes
786 698 1041 772 adversariorum
1080 701 1181 776 llum,
1203 702 1235 763 δι
1254 699 1370 763 licitum
1389 725 1399 775 3
1420 705 1451 767 &
1473 703 1529 767 hoc
1551 704 1645 788 ipsum
1669 709 1765 776 innuit
1786 714 1873 780 chri.

283 797 327 860 ide
348 797 413 857 ibi.
1081 781 1138 844 llus
1159 781 1231 845 teile
1251 780 1358 845 failum
1380 782 1433 848 esse
1453 784 1592 849 Mnrhaei
1614 810 1660 870 ις.
1682 791 1748 856 ibi:
1770 798 1875 859 Simile

209 885 230 945 8
284 877 401 939 ,Emens
420 890 480 935 rem
510 868 632 965 pecunia
651 865 795 941 furtiva,
817 862 888 928 licet
909 864 1038 947 acquiret
1079 859 1248 945 eilRegnum
1256 863 1393 928 Colonum
1413 865 1538 944 rhesrruro
1557 867 1718 948 abscondito
1737 878 1769 936 in
1788 900 1873 960 agro,

249 959 310 1033 ejus
341 953 381 1018 rei
402 951 609 1026 Dominum,
666 967 697 1011 er
717 965 832 1011 textum
855 950 885 1009 in
904 947 926 1007 l.
951 969 976 1010 ι.
999 944 1039 1007 <9¹
1079 965 1160 1027 quem
1198 947 1229 1007 ui
1249 950 1359 1011 invenit
1379 945 1459 1011 hoino
1478 951 1645 1030 abscondit,
1669 953 1709 1016 do·
1726 975 1785 1038 pro
1798 983 1871 1040 gau.

243 1033 352 1123 pennlt·
374 1034 446 1095 Cod.
468 1034 501 1096 Si
520 1035 595 1113 quis
616 969 715 1105 aseri,
739 1027 778 1092 Φ
797 1027 819 1088 l.
838 1031 871 1089 Si
890 1050 923 1090 err
943 1051 975 1087 eo
990 1044 1040 1108 pe·
1081 1026 1128 1087 dio
1148 968 1226 1089 illius
1244 1026 1356 1122 vadit,
1380 1029 1420 1091 (9
1440 1033 1541 1095 vendit
1560 1037 1717 1114 universa,
1738 1062 1799 1118 que
1819 1030 1870 1103 hal

248 1117 331 1181 cunia
352 1120 381 1178 6.
392 1111 465 1177 cod.
487 1114 522 1174 de
542 1116 584 1174 rei
603 1114 747 1173 vendicat.
770 1126 886 1184 tamen,
909 1128 969 1173 non
989 1107 1040 1169 ob·
1082 1106 1156 1182 ber,
1180 1106 1218 1170 (J
1239 1112 1553 1190 monogamiam,
1576 1116 1608 1178 &
1628 1114 1779 1198 colligitur
1797 1143 1831 1184 η
1849 1125 1873 1189 1,

247 1197 340 1260 naute
361 1196 401 1260 tei
432 1209 536 1277 emptae
561 1189 705 1255 Dominio
732 1186 793 1253 obli
814 1207 878 1252 atur
898 1190 935 1252 ad
956 1185 1040 1250 resar·
1082 1192 1112 1250 Α
1133 1193 1252 1265 Tutore,
1267 1189 1306 1267 ᾖ
1326 1190 1361 1252 de
1380 1195 1421 1254 nei
1440 1196 1551 1259 vindic.
1573 1196 1610 1256 fic
1633 1211 1711 1261 tenet
1734 1198 1773 1260 D.
1783 1202 1818 1265 ,Τ
1820 1202 1871 1268 no.

250 1277 385 1340 ciendum
416 1294 504 1337 omne
533 1272 701 1347 damnum,
732 1292 765 1333 ac
794 1211 906 1363 sucrum
938 1268 1042 1332 celians
1083 1291 1145 1333 mas
1167 1292 1194 1332 2.
1221 1293 1249 1335 2.
1269 1273 1357 1355 quasi.
1373 1278 1421 1337 66.
1441 1292 1495 1338 art.
1509 1298 1537 1358 ς.
1559 1280 1639 1337 Sosus
1657 1277 1710 1339 lib·
1721 1283 1752 1342 6.
1774 1268 1809 1342 de
1827 1286 1869 1366 jo·

250 1377 316 1421 tum
339 1357 401 1432 illi,
424 1374 512 1437 aquo
533 1352 687 1437 pecuniam
709 1349 842 1427 abllultt,
864 1370 928 1416 tum
951 1349 1042 1414 etiam
1077 1352 1139 1430 llic.
1159 1376 1206 1435 qu.
1219 1376 1247 1435 3.
1269 1371 1324 1415 mr.
1337 1377 1367 1450 3.
1389 1355 1517 1420 Navarr.
1539 1360 1570 1420 in
1590 1360 1719 1421 nunual.
1742 1380 1872 1445 cap.17.

250 1437 430 1508 Venditori,
454 1432 520 1498 casu
540 1455 600 1518 quo
619 1431 731 1517 abipso
752 1432 905 1535 pecuniam
927 1432 1041 1495 euinca·
1083 1455 1158 1494 num.
1174 1455 1240 1516 175·
1263 1435 1384 1501 Molroa
1403 1436 1475 1520 disp.
1489 1442 1537 1516 56.
1561 1437 1668 1505 Leffius
1687 1440 1741 1505 lib.
1753 1464 1782 1505 e.
1804 1470 1830 1508 c.
1844 1468 1872 1526 5.

250 1539 321 1593 tur;
343 1519 382 1581 D.
406 1517 540 1581 Thomas
562 1538 590 1578 2.
615 1536 643 1577 2.
663 1538 710 1597 qn.
730 1518 779 1593 78.
800 1530 854 1575 art.
872 1538 899 1597 3.
922 1510 1044 1573 Molina
1082 1510 1149 1574 dub.
1163 1534 1209 1593 ις.
1230 1539 1305 1580 num.
1317 1520 1365 1578 62.
1377 1517 1509 1599 Layman
1530 1518 1582 1582 loc.
1596 1526 1644 1583 cir.
1659 1542 1720 1606 cop.
1732 1543 1760 1601 5.
1773 1550 1804 1587 n.
1820 1548 1873 1608 ²3·

251 1602 325 1683 disp.
349 1618 415 1679 127.
438 1598 552 1676 conclus.
576 1618 601 1658 1.
622 1596 772 1660 Covaruv.
796 1600 903 1657 Varini.
933 1593 1041 1671 refirlut.
1082 1595 1165 1675 Lugo
1186 1596 1261 1679 disp.
1272 1602 1300 1659 6.
1321 1620 1397 1661 num.
1411 1601 1477 1662 128.
1488 1599 1597 1683 Burgh.
1618 1620 1686 1683 unt.
1698 1627 1726 1684 ς.
1748 1609 1872 1686 cas.72.

250 1681 303 1745 lib.
318 1703 345 1761 ζ.
365 1696 427 1762 cop·
450 1702 478 1762 3.
500 1702 565 1742 num
584 1680 613 1738 6.
636 1679 767 1759 Leyman
789 1674 841 1737 lib.
864 1697 892 1755 3.
913 1673 993 1734 crasi.
1007 1695 1038 1747 4.
1081 1675 1184 1756 Sporer
1203 1694 1270 1738 rom.
1290 1699 1318 1738 ι.
1340 1677 1421 1741 erasi.
1439 1685 1467 1742 6.
1495 1698 1559 1764 cap.
1584 1704 1610 1744 1.
1640 1707 1714 1748 neon.
1736 1706 1803 1765 ¹75·
1827 1688 1870 1751 (9⁶

211 1791 232 1847 9
253 1781 312 1847 cop.
326 1784 373 1841 17.
394 1763 424 1838 §.
437 1781 465 1841 3.
488 1783 564 1822 num.
578 1778 625 1818 22.
648 1760 679 1821 δι
699 1755 750 1818 alii
772 1752 872 1851 passim
897 1753 1039 1849 ..Vendi
1081 1773 1182 1898 napa,
1203 1784 1232 1821 n.
1244 1780 1294 1837 70.
1306 1757 1452 1823 Bonmim
1471 1761 1505 1823 de
1517 1764 1631 1842 restitut.
1651 1764 1681 1826 d.
1695 1788 1720 1829 1.
1732 1766 1821 1845 quest.
1834 1789 1866 1848 3.

252 1862 300 1910 tor
328 1859 426 1906 autem
448 1860 508 1903 non
528 1836 653 1919 acquirit
672 1836 834 1900 domimum
866 1836 934 1898 talis
954 1856 1039 1919 pecu·
1076 1856 1134 1920 pun
1164 1843 1213 1900 .6.
1234 1862 1310 1900 num.
1321 1861 1350 1918 7.
1373 1840 1416 1902 La
1425 1841 1515 1904 Croix
1532 1842 1587 1906 lib.
1602 1868 1640 1924 ς.
1646 1865 1725 1927 porr.
1741 1868 1768 1909 2.
1789 1870 1867 1913 num.

250 1925 308 1990 niae
329 1922 469 1995 furtivo,
500 1918 632 1981 sedeam
661 1917 744 1981 debet
774 1917 955 1999 comparenti
978 1916 1039 1977 Do·
1082 1940 1152 1999 942·
1174 1919 1262 1982 Card.
1289 1920 1324 1982 de
1347 1921 1424 1987 Luca
1441 1924 1474 1984 de
1500 1928 1637 2003 emptione
1655 1928 1726 2006 disc.
1743 1950 1796 2003 44.
1811 1947 1869 2011 pen

250 2006 335 2070 mino
355 2003 518 2076 restituere,
542 1998 664 2062 sradhuc
687 1998 717 2061 in
740 1996 829 2080 specie
849 2015 945 2071 eutet3
967 1998 1041 2061 Nou
1081 2021 1189 2075 totum,
1213 1998 1262 2064 ubi
1277 2000 1359 2064 affert
1379 2001 1540 2067 decifionem
1551 2005 1650 2081 Rotae,
1672 2004 1864 2071 Reiffensluel

253 2101 369 2151 tenetur
397 2103 467 2147 vero
489 2081 657 2156 restituere,
691 2080 794 2143 iream
816 2082 875 2152 jam
906 2077 1039 2143 consum·
1081 2085 1131 2145 loc.
1153 2085 1201 2143 cir.
1223 2103 1387 2159 num.194.
1416 2082 1447 2144 δι
1466 2080 1517 2145 olii
1544 2084 1642 2164 passum
1662 2102 1765 2150 contra
1785 2085 1861 2150 Vos·

248 2168 333 2252 put,
366 2164 413 2230 uel
435 2184 501 2226 cum
523 2161 648 2303 prppriis
678 2160 805 2225 nummis
827 2162 868 2222 ita
898 2157 1036 2229 commis·
1077 2184 1171 2245 quez,
1194 2161 1409 2226 Turr.&olios
1429 2183 1533 2257 paucos
1551 2184 1617 2225 cum
1629 2164 1723 2229 Diana
1735 2185 1860 2260 porco.
1919 2240 1922 2245 ὴ

249 2247 342 2321 cuit,
363 2261 397 2308 ut
418 2242 542 2327 amplius
584 2240 683 2304 iscerni
704 2257 854 2324 nequeat:
886 2258 967 2304 textu
988 2262 1036 2303 ex·
1078 2242 1159 2306 erasi.
1173 2263 1199 2324 5.
1220 2244 1328 2323 resolui.
1342 2264 1389 2325 17.
1412 2245 1458 2307 Src
1480 2266 1578 2307 emens
1597 2266 1747 2309 commum
1766 2246 1870 2329 pretio
1889 2264 1929 2305 ιι

245 2326 338 2412 presso
358 2329 389 2390 in
408 2326 428 2387 l.
439 2329 472 2387 si
490 2325 578 2386 alieni
587 2325 636 2400 78.
652 2324 691 2400 ff.
712 2328 748 2385 de
756 2319 953 2402 solutionibus,
976 2320 1038 2384 ibi:
1081 2347 1142 2390 rent
1164 2325 1334 2401 mobilem,
1356 2348 1386 2388 v.
1406 2347 1436 2405 g.
1458 2323 1589 2405 piscem,
1611 2325 1720 2408 inquo
1742 2328 1868 2408 reperia-

247 2412 284 2471 Si
295 2409 381 2469 alieni
399 2409 507 2468 nummi
514 2448 524 2479 ,
546 2404 649 2482 inscio,
669 2406 718 2466 vei
738 2408 829 2467 inuito
837 2407 974 2478 Domino,
993 2404 1039 2482 fio·
1080 2424 1128 2471 tur
1158 2427 1302 2486 gemma,
1333 2406 1379 2469 uel
1396 2405 1516 2501 capsam
1545 2405 1648 2480 ferro,
1678 2406 1727 2471 uel
1748 2404 1875 2488 plumbo
1962 2420 1969 2425 “
2036 2470 2037 2477 7

249 2490 307 2549 luti
322 2488 456 2567 suerint,
487 2503 598 2548 manent
618 2487 703 2565 ejus,
735 2488 814 2568 cujus
838 2488 971 2564 fuerint:
1003 2488 1039 2545 5r'
1078 2488 1219 2570 plenam,
1251 2489 1280 2550 in
1302 2506 1360 2567 qua
1381 2505 1538 2570 reperiatur
1559 2504 1691 2564 aurum,
1723 2486 1770 2550 vel
1793 2485 1874 2549 aliud

246 2572 335 2632 mixti
352 2569 451 2647 essent,
474 2569 547 2629 itant
568 2566 685 2645 discerni
706 2567 889 2650 nonpoffenc,
910 2568 969 2648 ejus
984 2562 1037 2640 fie-
1077 2569 1228 2651 quidpiam
1258 2565 1416 2654 pretiosum
1457 2568 1574 2654 penitus
1604 2569 1740 2652 ignotum
1778 2568 1870 2631 etiam

249 2655 292 2726 ri,
333 2655 362 2711 ui
382 2652 486 2730 occepit
505 2675 518 2722 ;
540 2648 586 2710 Sic
606 2649 705 2712 Glosla
724 2648 796 2712 ibid.
819 2651 850 2713 δι
870 2669 936 2713 cum
960 2645 1034 2708 mul-
1075 2650 1241 2727 venditori,
1264 2670 1322 2714 non
1343 2667 1458 2716 tenetur
1478 2650 1515 2716 ad
1536 2650 1629 2714 ullum
1651 2650 1865 2714 restitutionem

141 2751 145 2762 ·
190 2753 228 2797 ιο
248 2731 287 2795 tis
309 2675 441 2812 ieymou
463 2731 514 2794 loc.
534 2733 585 2792 cir.
605 2752 681 2792 num.
706 2751 753 2810 13·
773 2729 821 2810 (o)
843 2731 951 2794 Emens
973 2747 1035 2792 rem
1076 2730 1250 2808 venditori,
1283 2731 1354 2813 quia
1383 2731 1496 2796 invenit
1519 2731 1549 2792 in
1572 2755 1602 2795 re
1623 2729 1697 2806 sua,
1730 2729 1869 2796 venditor

217 2865 220 2872 .
247 2811 374 2875 alienam
396 2808 512 2872 modico
533 2810 646 2890 pretio,
669 2807 797 2874 auteim
820 2812 947 2874 restituat
967 2829 1035 2892 pro·
1077 2812 1156 2875 enim
1179 2833 1236 2877 non
1258 2810 1313 2876 suit
1337 2812 1482 2877 Dominus
1504 2811 1585 2877 illius
1606 2813 1695 2887 auri,
1726 2809 1774 2874 seu
1794 2812 1870 2875 olte-

249 2892 317 2976 prio
328 2889 475 2972 Domino,
497 2891 548 2970 qui
570 2890 700 2954 eamdem
722 2912 782 2955 rem
804 2911 862 2953 oon
883 2909 943 2954 erat
965 2888 1036 2951 alias
1077 2894 1136 2956 rius
1158 2893 1199 2956 rei
1222 2890 1376 2975 pretiosor,
1408 2915 1475 2957 cum
1498 2893 1647 2975 ignorauit
1679 2890 1802 2956 omnino
1825 2891 1868 2955 ibi

247 2972 465 3054 reacquisiturus
486 2990 542 3032 uon
565 2973 617 3033 nisi
638 2974 794 3044 maioribus
813 2971 959 3052 expensis,
983 2989 1036 3052 po·
1077 2973 1151 3038 talio
1172 2973 1251 3049 elle,
1283 2976 1410 3055 adeoque
1433 2974 1547 3039 nullum
1579 2974 1666 3055 hebet
1685 2981 1730 3047 ius
1758 2973 1795 3035 acl
1815 2973 1868 3035 ali-

248 3053 303 3116 test
332 3052 369 3115 ab
397 3050 459 3134 ipso
490 3050 620 3115 Domino
650 3071 775 3135 repetere
806 3053 931 3134 pretium
962 3049 1035 3114 solu·
1100 3053 1147 3117 uid
1168 3056 1354 3136 repetendum
1368 3055 1405 3132 ab
1416 3072 1569 3137 emptore,
1591 3056 1642 3137 qui
1661 3055 1721 3118 tole
1742 3075 1840 3120 aurum
1851 3097 1869 3128 u

250 3149 314 3195 tum
334 3175 344 3208 ,
366 3132 397 3193 δι
417 3129 475 3213 ipse
497 3130 641 3195 Dominus
662 3151 775 3197 tenetur
797 3132 826 3192 in
849 3149 971 3216 utroque
992 3130 1036 3193 so-
1076 3074 1123 3198 iu
1144 3156 1311 3217 gemmam,
1333 3136 1480 3231 ollamque
1502 3157 1561 3200 rem
1583 3133 1740 3219 pretiosam
1761 3136 1861 3217 acqui·

247 3232 281 3275 to
304 3210 395 3292 ipsum
419 3210 585 3288 refundere,
607 3213 764 3292 quietalis
785 3231 902 3295 emptor
923 3211 1038 3276 utiliter·
1076 3214 1115 3278 rit
1146 3216 1196 3279 fibi
1219 3217 1309 3281 titulo
1331 3215 1512 3294 inventionis
1540 3218 1570 3277 in
1592 3238 1620 3280 re
1641 3213 1717 3293 suo,
1748 3217 1861 3282 &non

246 3290 329 3373 gessit
358 3294 509 3372 negotium
534 3292 682 3370 Domini,
714 3296 756 3362 ‚ob
786 3295 865 3376 quod
887 3294 1033 3356 Dominus
1074 3295 1164 3360 titulo
1185 3317 1263 3379 purae
1283 3297 1442 3380 emptionis
1458 3321 1475 3372 3·
1500 3298 1548 3360 Ita
1566 3298 1668 3381 Sporer
1686 3298 1739 3359 loc.
1761 3301 1813 3360 cie.
1834 3321 1866 3360 n.

246 3373 461 3452 recompensare
481 3391 594 3437 tenetur
623 3373 763 3456 quidquid
784 3374 896 3438 utiliter
919 3376 947 3436 in
969 3394 1031 3437 rem
1077 3398 1144 3456 17⁹·
1176 3378 1284 3463 aliique
1315 3381 1427 3442 cicani.
1459 3379 1567 3442 Emens
1597 3400 1686 3453 rem,
1718 3376 1799 3453 sua,
1833 3377 1930 3458 &13

246 3455 306 3526 ejus
326 3454 399 3517 alter
420 3453 593 3535 impenderit
622 3455 674 3526 31.
695 3476 723 3517 2.
738 3457 777 3532 ff.
798 3458 834 3518 de
853 3457 968 3535 negotiis
985 3478 1033 3534 ge·
1067 3460 1227 3524 >communi
1248 3459 1457 3535 aestimatione,
1478 3460 1631 3542 vilem,li
1650 3459 1711 3543 posl
1732 3456 1867 3539 emptio·

85 3621 88 3629 Α
188 3573 195 3586 ι
240 3534 293 3613 slis
302 3561 315 3607 ;
338 3538 375 3595 Er
390 3534 433 3610 fic
452 3538 600 3598 communis
619 3535 786 3600 Dosionum:
807 3558 865 3619 arg.
888 3554 948 3620 cap.
970 3541 1030 3597 Ra.
1075 3559 1143 3602 nem
1172 3539 1329 3621 cognoscat
1358 3541 1430 3608 esle'
1476 3538 1628 3616 etiosam,
1659 3560 1717 3603 non
1749 3555 1870 3603 tenetur

240 3619 313 3699 pina
335 3635 362 3694 5.
383 3617 457 3696 cons.
472 3638 518 3693 14.
539 3617 628 3699 quaeJl.
641 3620 670 3678 6.
686 3616 734 3681 ibi
757 3639 764 3678 :
788 3621 930 3700 Ropiunm
950 3639 1036 3694 eutero
1076 3619 1187 3702 aliquid
1207 3621 1351 3686 restituere
1374 3643 1430 3687 ven
1452 3620 1522 3685 itori
1533 3645 1543 3695 ;
1564 3619 1697 3704 quiores
1717 3617 1795 3685 tanti
1817 3640 1870 3684 va-

140 3741 142 3743 ψ
245 3721 298 3758 non
318 3697 404 3772 iicet,
425 3696 480 3772 nist
496 3720 529 3760 ea
547 3701 714 3776 intentione,
735 3716 766 3759 ut
786 3703 832 3762 cui
851 3696 948 3762 ablata
967 3698 1030 3778 ιβ,
1071 3698 1143 3776 let,
1174 3702 1277 3784 quenti
1298 3703 1453 3776 aestimotur
1474 3702 1699 3776 communiter,
1738 3701 1869 3781 adeoque

243 3777 397 3841 reddatur.
1071 3780 1092 3841 sr
1117 3802 1177 3844 rem
1199 3782 1273 3846 emit
1303 3785 1398 3866 pretio
1420 3784 1621 3847 communiter
1651 3782 1726 3855 justo
1745 3780 1865 3845 aellima-
1951 3823 1957 3838 .

187 3875 220 3919 ιι
285 3859 397 3924 Emens
416 3859 567 3925 communi
587 3861 682 3943 pretio
702 3880 821 3943 mum,
843 3858 955 3943 inquo
977 3856 1031 3926 scit
1071 3877 1135 3940 to,
1162 3862 1252 3942 julie,
1273 3862 1305 3930 δι
1326 3862 1414 3933 licite
1428 3863 1481 3930 toli
1502 3865 1599 3949 pretio
1620 3863 1694 3928 eruit
1713 3908 1722 3926 .
1743 3863 1822 3957 Hinc
1844 3862 1868 3925 si

1759 3964 1854 4026 quis.

247 4127 248 4130 ¹
283 4106 330 4185 (n)
354 4111 429 4169 Nota
449 4106 572 4167 Romani
591 4103 750 4190 Theologi.
780 4103 849 4170 Sive
868 4105 992 4189 pecunia
1013 4105 1065 4171 ille
1085 4106 1257 4194 consumpta
1277 4110 1383 4188 fuerit,
1408 4113 1466 4179 five
1486 4113 1614 4197 propriis
1635 4108 1764 4174 nummis
1783 4128 1867 4171 com-

241 4185 361 4259 mixta,
385 4187 441 4250 srve
462 4202 559 4261 extet,
583 4185 640 4249 sive
661 4207 721 4251 non
741 4201 823 4249 extet
842 4229 853 4262 ,
874 4185 910 4249 ad
929 4187 1140 4269 obligationem
1162 4209 1277 4258 tenetur
1297 4215 1306 4263 ι
1330 4193 1476 4259 Dominus
1496 4194 1576 4259 enim
1595 4238 1604 4267 ,
1625 4214 1643 4253 a
1663 4213 1723 4273 quo
1735 4189 1869 4335 pecunia

241 4263 295 4325 illa
318 4263 372 4328 suit
393 4264 507 4340 oblata,
530 4266 693 4332 dominium
716 4266 757 4330 rei
778 4263 831 4330 suae
851 4288 1033 4351 nequaquam
1055 4270 1200 4364 perdidit,
1223 4295 1259 4338 eo
1277 4275 1358 4355 quod
1373 4275 1426 4357 ipsu
1446 4273 1545 4338 ablata
1566 4272 1675 4345 suerit3
1696 4294 1734 4336 un
1755 4296 1770 4337 e
1793 4270 1867 4335 sem·

240 4364 293 4428 per
316 4345 360 4406 illi
381 4348 419 4410 eil
441 4346 640 4422 restituenda,
675 4349 795 4411 fientes
815 4347 890 4431 apud
912 4348 938 4412 se
962 4372 969 4412 :
993 4351 1084 4413 Ratio
1105 4352 1213 4430 enim,
1246 4372 1279 4418 ut
1299 4355 1319 4416 sr
1342 4355 1441 4430 injuste
1463 4355 1547 4418 alteri
1569 4355 1708 4418 &uinum
1731 4351 1866 4427 intulit,

241 4425 349 4508 aequale
371 4425 428 4509 ipse
449 4425 547 4491 subeat
566 4427 859 4504 damnum,'etiamsr
878 4430 992 4493 nullum
1015 4452 1094 4497 exre
1114 4432 1209 4499 aliena
1229 4435 1363 4500 habuerit
1384 4435 1638 4506 emolumentum
1661 4454 1694 4501 ut
1714 4433 1870 4516 colligitur

119 4595 121 4598 .
242 4530 277 4573 ex
301 4506 338 4570 D.
360 4508 472 4571 Thom.
498 4528 526 4568 ι.
551 4528 579 4568 2.
601 4508 689 4590 ques.
702 4515 749 4572 62.
771 4531 826 4572 art.
838 4515 866 4573 6.
888 4510 920 4571 δι
939 4511 1072 4588 videatur
1092 4515 1183 4579 etiam
1206 4516 1340 4586 Antoine
1362 4523 1445 4584 Toni.
1470 4539 1497 4582 ι.
1518 4515 1642 4601 chqu.
1666 4516 1706 4582 (n
1722 4517 1781 4602 jur.
1804 4530 1868 4600 cap.

245 4608 272 4668 3,
293 4588 384 4670 quusi.
405 4591 450 4654 18.
474 4588 593 4673 Insuper
612 4590 744 4657 uideatur
762 4590 832 4657 din.
854 4590 989 4666 Antoine
1009 4611 1071 4677 cap.
1090 4617 1117 4677 5.
1138 4595 1229 4680 prust.
1244 4619 1274 4679 7.
