4075 5275
315 133 404 241 ’443
554 103 1598 224 aucflnntsrrn3Ann.1i.

181 266 187 279 ’
260 249 307 315 vis
345 244 536 306 Novatomm
574 238 840 325 interpretamentis
877 234 1047 302 vindicant:
1088 231 1205 306 hibuit,
1240 229 1310 294 licet
1338 227 1454 296 sortasse
1484 246 1554 297 ante
1583 244 1721 320 quartam
1749 239 1894 311 saeculum

287 320 343 387 uod
363 319 453 386 etiam
466 321 605 406 'praestitit
626 319 802 383 dosiiffimus
823 315 1048 399 Patetlaequien
1088 312 1194 378 litteris
1223 311 1410 409 consignata„
1427 333 1489 377 non
1521 312 1647 382 fuerint.
1679 322 1714 386 In
1743 327 1892 392 omnibus

314 402 478 466 minicanuc
508 405 539 467 in
579 402 734 477 editione,
763 419 852 482 quam
882 399 1051 481 procuravit
1091 393 1254 470 hujusmodi
1285 393 1427 478 Lrturgns
1461 415 1561 480 preces
1599 420 1778 486 oemunt,
1819 428 1891 490 quq,

262 504 384 571 opetum
406 484 501 548 saneti
522 485 627 555 loann.
649 478 838 546 Damasceni.
1090 494 1190 575 aperte
1210 472 1377 570 defigam,
1399 498 1452 560 per
1483 478 1661 546 invisibilem
1691 485 1780 551 divini
1815 490 1888 574 Spi.

226 604 242 662 ς
304 569 360 631 Sed
380 585 414 630 ut
447 563 593 648 perspicue
621 580 781 646 appareat,
811 581 901 647 qoam
931 560 1051 626 inutiles
1092 576 1165 624 ritus
1183 574 1386 641 operationem
1409 578 1517 643 panem
1549 561 1580 626 in
1610 563 1718 627 Christi
1748 570 1883 655 Corpus,

263 647 370 714 suerint
391 647 590 711 hereticorum
608 662 755 721 conatus,
776 645 806 709 ἃ
835 664 924 740 qoam
953 642 1049 726 despe·
1090 641 1245 706 &vinum
1266 637 1298 733 ³3¹
1320 638 1499 722 Sanguinem
1528 641 1745 723 transmutati,
1772 667 1801 714 ut
1829 653 1882 717 vel

263 748 329 795 rata
357 728 392 793 fit
420 748 520 793 eorum
551 724 664 802 causa,
695 726 792 810 paucis
820 725 869 788 hrc
896 723 1050 789 observare
1089 746 1123 788 ex
1145 723 1181 786 iis
1199 739 1318 804 pauco,
1340 740 1405 803 qua
1426 721 1462 787 de
1483 723 1670 789 Eucharistia
1698 726 1791 793 sorma
1811 751 1880 815 pan.

263 810 404 886 sulliciat,
424 809 571 872 Christum
594 806 756 871 Dominum
779 807 809 869 in
837 805 1001 889 Evangelio
1022 803 1050 869 se
1090 804 1121 869 lo
1141 802 1215 867 insta
1247 799 1351 865 dissuti
1386 800 1514 882 sumus,
1542 808 1726 891 apparebit.
1758 812 1885 878 Accedit

144 902 147 913 '
264 912 380 961 carnem
401 887 481 954 suam
512 891 541 953 in
570 889 691 964 eibum,
718 887 895 970 Sanguinem
926 886 1050 951 veroin
1090 885 1180 949 etiarn
1202 901 1304 946 omnes
1323 883 1451 949 omnino
1472 886 1667 967 Christianos,
1702 890 1755 974 qui
1778 892 1886 957 'litor-

263 992 369 1061 potum
390 969 525 1035 datorum
547 970 720 1056 promissse,
741 987 774 1033 ut
793 968 803 1029 l
841 991 886 1034 ere
906 968 945 1032 eil
964 966 1050 1038 loan.
1111 965 1148 1028 ‘ie
1167 964 1205 1029 ab
1222 962 1353 1048 antiquis
1375 965 1512 1062 profestis
1529 985 1651 1034 attritur
1680 972 1712 1034 in
1741 972 1885 1039 Euchari-

265 1061 298 1119 6.
318 1073 406 1137 atque
426 1052 458 1114 in
479 1052 662 1118 institutione
692 1050 819 1117 Euchari
844 1051 896 1126 ia,
931 1065 1053 1133 acoepto
1117 1047 1163 1125 ia,
1185 1045 1541 1125 transubstanttationem,
1571 1050 1604 1114 a
1632 1073 1733 1117 veram
1764 1053 1884 1120 realem·

263 1134 297 1201 in
317 1134 452 1199 manibus
472 1154 564 1218 pane,
586 1133 703 1198 dixisse:
725 1133 828 1208 Hocell
838 1139 1051 1216 Corpusmeum,
1090 1146 1148 1210 que
1167 1126 1275 1190 Cbrilli
1296 1126 1440 1211 Corporis
1458 1131 1490 1195 de
1516 1130 1574 1193 San
1617 1130 1674 1197 inis
1703 1134 1881 1218 presentiam

262 1233 352 1300 atque
368 1232 491 1299 accepto
511 1215 614 1279 deinde
634 1213 754 1290 Calice,
784 1212 883 1276 dixisse
918 1211 1046 1276 iterum:
1087 1205 1258 1291 agnoscere,
1279 1206 1312 1270 tr
1330 1208 1480 1274 venerari.
1513 1209 1558 1275 De
1636 1213 1721 1279 cleiia
1749 1218 1881 1285 occiden-

261 1303 321 1364 Hic
339 1296 376 1376 es
395 1298 512 1381 sangnis
532 1319 607 1358 mens
628 1297 691 1360 (oc.
714 1293 850 1358 Dubitari
871 1314 929 1356 non
943 1291 1046 1377 potest,
1088 1288 1141 1353 tali
1163 1309 1206 1352 res
1226 1287 1351 1354 omnino
1369 1306 1519 1376 comperta
1538 1291 1593 1367 esi,
1614 1313 1685 1358 com
1695 1318 1788 1362 nemo
1799 1300 1880 1382 igno

286 1379 336 1443 uin
355 1376 462 1441 divinae
482 1378 564 1442 vocis
594 1377 704 1443 virtute
735 1373 821 1439 Panis
850 1373 880 1435 in
911 1374 1050 1455 Corpus,
1093 1387 1156 1445 ret,
1179 1368 1309 1464 primurn
1330 1371 1366 1433 ab
1385 1372 1556 1457 Apostolica
1573 1372 1663 1451 Sede,
1682 1395 1719 1439 ac
1739 1379 1882 1447 deindee

262 1400 430 1524 arvinum
462 1457 491 1519 in
520 1460 575 1520 San
618 1458 695 1522 inem
728 1452 912 1520 transmutari
945 1451 1062 1535 possit..
1090 1451 1266 1514 Tridentino
1291 1451 1406 1515 Snodo
1434 1453 1587 1518 damnatos
1619 1454 1696 1521 fuisse
1725 1459 1879 1539 Lutberi,

264 1541 295 1604 Si
315 1542 399 1603 enim
415 1537 510 1603 divini
531 1560 567 1603 ve
603 1538 744 1602 ivirtute
775 1556 818 1600 res
846 1558 863 1599 e
894 1532 989 1599 nihilo
1016 1555 1052 1598 ac
1091 1474 1478 1627 aliorumquelsoyatotum
1500 1530 1629 1613 errores,
1649 1538 1700 1620 qui
1730 1559 1801 1605 cum
1825 1545 1878 1607 Fi·

262 1620 421 1691 Universos
440 1618 582 1683 formatus
613 1617 687 1695 fuit,
718 1614 784 1704 quis
812 1615 944 1691 dubitet,
976 1615 1052 1694 quin
1091 1613 1126 1677 de
1149 1632 1178 1674 tn
1198 1632 1302 1676 eorum
1323 1612 1460 1694 Lrtorgris
1469 1616 1592 1699 expressa
1602 1636 1781 1700 pugnarent.
1805 1625 1876 1689 No-

262 1703 318 1767 ltac
338 1702 437 1767 eadem
459 1701 569 1765 virture
589 1698 758 1782 contingere
786 1696 847 1762 hac
876 1692 1050 1761 transmura·
1092 1713 1157 1760 tum
1181 1692 1283 1757 itidem
1304 1693 1363 1770 eli,
1381 1712 1455 1774 quot
1474 1695 1599 1775 quantas
1615 1719 1649 1761 ue
1673 1701 1769 1765 turbat
1789 1704 1874 1767 erci-

262 1783 308 1848 tio
330 1780 438 1866 porsiri
460 1782 507 1845 lta
536 1778 601 1845 sane
630 1781 693 1864 poll
719 1775 868 1860 chryson
897 1795 1049 1858 argumen·
1091 1775 1200 1840 raverit
1230 1774 1435 1857 Berengarius‚
1464 1774 1537 1838 dum
1565 1776 1716 1840 onesimo
1740 1781 1873 1847 Ecclefiae

262 1879 343 1928 tatus
362 1865 401 1926 est
422 1859 633 1926 Damascenus.
657 1859 711 1923 Nil
732 1874 802 1940 ergo
822 1857 915 1921 obllat
934 1859 1051 1937 quomi·
1094 1854 1213 1931 laculo,
1236 1856 1283 1921 vel
1305 1856 1342 1918 de
1361 1855 1430 1919 reali
1451 1853 1561 1918 Cbrilli
1580 1854 1729 1940 prasentia
1750 1859 1781 1921 in
1812 1863 1872 1928 En.

264 1964 319 2008 aus
339 1945 399 2005 lraec
420 1942 527 2004 corint
551 1939 673 2004 Domini
695 1940 784 2004 verba
813 1941 872 2002 Hoc
892 1939 928 2016 eli
948 1944 1053 2001 Corne
1091 1936 1227 2003 cltarillia
1246 1937 1412 2013 dubitavit,
1441 1952 1475 2000 ut
1505 1937 1667 2001 nonnulliis
1693 1936 1789 2003 visum
1821 1941 1879 2017 eil,

261 2047 353 2088 meum
375 2023 418 2086 ita
437 2021 660 2103 intelligantur,
682 2038 714 2084 ot
734 2019 834 2085 diuina
853 2019 964 2084 virtute
985 1957 1047 2083 ὦ)
1089 2018 1137 2084 vel
1159 2038 1226 2081 com
1248 2017 1503 2162 subllantiaepanis
1523 2017 1593 2079 illud
1622 2040 1739 2085 manere
1760 2019 1881 2087 voluit.

261 2103 366 2168 llanria
386 2101 470 2185 panis
497 2102 529 2164 in
559 2102 667 2166 Chrisli
696 2102 836 2186 Corporis
865 2099 1047 2166 substantiam
1091 2100 1142 2162 Sat
1162 2100 1240 2164 enim
1262 2098 1382 2164 innuere
1454 2115 1532 2176 ‚tot
1553 2096 1631 2165 foisse
1661 2099 1797 2168 adversos
1826 2103 1887 2166 Be·

262 2184 457 2250 transmutata
476 2181 580 2247 fuerit.
610 2183 670 2247 Fac
700 2204 790 2260 vero,
826 2181 966 2247 Ecclesras
986 2204 1051 2247 om·
1093 2203 1140 2246 ren
1181 2182 1255 2245 rium
1274 2180 1466 2245 masiacum
1491 2180 1614 2258 Rome,
1636 2197 1702 2244 tum
1735 2182 1829 2247 etiam
1852 2182 1885 2244 in

262 2288 331 2341 nes,
352 2266 456 2329 omnes
474 2287 508 2329 ue
529 2265 629 2328 Patres
649 2264 760 2345 semper
786 2264 819 2326 or
840 2264 946 2344 ubique
967 2262 1046 2328 loco-
1089 2263 1193 2326 Galia
1211 2262 1366 2338 Consilia,
1387 2277 1421 2325 ut
1451 2260 1549 2325 nullus
1579 2281 1705 2344 unquam
1734 2282 1818 2326 error
1837 2276 1885 2326 tot

264 2370 331 2411 rum
353 2286 497 2419 docuise,
520 2345 608 2409 verba
629 2344 680 2407 illa
700 2368 735 2409 ex
755 2344 863 2407 Chrilli
883 2366 936 2410 ote
979 2346 1050 2410 rofe-
1093 2346 1122 2407 in
1155 2343 1298 2410 Conciliis
1327 2343 1405 2406 intra
1434 2362 1542 2426 paucos
1579 2363 1673 2408 annos
1705 2343 1814 2427 proscri
1836 2362 1883 2408 tus

265 2430 311 2491 sia
331 2431 392 2490 Hoc
411 2427 447 2504 esl
465 2434 568 2509 eorpus
585 2447 736 2500 meum,a
766 2426 919 2492 Sacerdote
968 2427 1050 2490 brilli
1090 2424 1200 2490 suerit?
1221 2427 1302 2488 Nam
1321 2425 1361 2488 ab
1379 2444 1458 2488 anno
1482 2446 1571 2503 1050.
1594 2425 1626 2486 itt
1653 2444 1715 2509 quo
1736 2423 1788 2488 sub

264 2510 384 2575 nornine
415 2506 546 2587 prolata,
579 2505 745 2580 hujusmodi
777 2507 1050 2576 transmutationem
1093 2530 1130 2572 ne
1152 2509 1245 2572 Nono
1267 2509 1435 2569 Romanum
1464 2504 1636 2569 Concilium
1664 2504 1800 2591 aduersos
1828 2505 1881 2570 Be·

263 2591 421 2678 perficere,
441 2589 508 2652 ouis
528 2587 690 2664 dubitabit,
712 2589 782 2667 quin
813 2591 942 2656 Christos
971 2592 1051 2654 inlli-
1094 2589 1258 2673 rengerium
1279 2587 1411 2652 coaslum
1434 2585 1508 2665 suit,
1529 2585 1566 2650 ad
1594 2608 1705 2653 annum
1740 2591 1824 2654 rodo.
1843 2586 1879 2650 in

263 2672 373 2739 tuendo
396 2670 604 2733 Euclraris'iam
627 2670 795 2752 promissum
817 2670 890 2734 illud
910 2673 1051 2756 adimple·
1090 2691 1151 2753 quo
1172 2671 1314 2734 celebrata
1333 2668 1388 2733 fuit
1411 2666 1616 2751 Burdigalenses
1644 2670 1796 2754 Synodus,
1815 2686 1880 2752 qoae

261 2775 294 2819 re
315 2752 460 2826 uoluerit,
481 2770 541 2818 ouo
560 2749 707 2831 discipulis
729 2751 946 2832 suispollicitus
967 2771 1050 2830 erat,
1091 2751 1127 2814 ad
1163 2751 1305 2816 saniorem
1337 2768 1465 2814 mentem
1504 2751 1708 2833 &tenganom
1745 2750 1877 2827 reduxit,

263 2836 291 2897 se
313 2835 444 2895 daturum
466 2833 591 2894 Carnem
614 2830 693 2893 suam
716 2832 745 2891 in
773 2834 892 2907 cibum,
927 2837 959 2898 or
978 2834 1048 2897 Sao·
1091 2832 1188 2897 decem
1211 2830 1347 2904 Concilia
1376 2848 1548 2909 occorrmnt,
1580 2832 1611 2893 in
1640 2833 1746 2916 quibus
1777 2832 1879 2898 Beren-

285 2914 380 2976 uinem
404 2913 433 2975 in
456 2930 578 2992 potum,
599 2914 630 2975 tc
649 2913 720 2993 quin
746 2912 925 2975 Eucharissia
944 2936 1046 2978 verum
1089 2914 1162 2996 gatii
1184 2935 1264 2977 error
1292 2912 1445 2977 damnatus
1478 2908 1556 2977 suit.
1587 2914 1633 2976 Ex
1661 2934 1723 2997 qno
1750 2912 1880 3000 profesio

262 2936 524 3078 introierimus,
556 2991 694 3074 uetusque
725 2992 832 3054 Cirrisli
861 2995 916 3055 San
938 2994 982 3057 uis
1001 2996 1052 3057 lra-
1092 3012 1213 3078 apparet
1232 3015 1322 3076 quam
1344 2990 1534 3068 detellabilis,
1555 2993 1587 3057 δι
1638 3017 1703 3059 tram
1730 2993 1880 3060 contraria

262 3074 386 3139 beaturi
410 3081 453 3138 Αῐ
475 3076 517 3137 ira
538 3071 565 3137 se
585 3096 630 3137 res
661 3076 767 3145 labem
807 3074 887 3135 Nam
918 3016 1052 3155 ignatius
1094 3077 1194 3139 habite
1214 3075 1248 3137 srt
1270 3073 1405 3139 universa
1424 3070 1556 3146 Ecclefiz
1576 3014 1634 3137 fil

263 3156 387 3237 Martyr
409 3157 454 3220 rit
477 3154 757 3238 Apolloliscoaevos
790 3155 821 3217 in
852 3156 1052 3240 Epistola'ad
1073 3156 1220 3221 ‘baeresim
1339 3207 1345 3218 .

262 3239 440 3312 Smirnaeos,
463 3237 610 3301 hereticos
632 3236 698 3302 illos
727 3236 894 3321 improbat,
915 3238 968 3318 qui
990 3260 1048 3302 non
1132 3241 1218 3302 Hanc
1239 3257 1309 3303 veto
1329 3236 1364 3303 de
1386 3236 1562 3302 Eocbarillia
1589 3237 1674 3304 iidem
1703 3241 1872 3303 Romanam
1897 3257 1923 3321 7

265 3318 476 3381 confitebantur
499 3318 699 3396 Eucharistiam
721 3343 829 3383 carnem
850 3319 901 3401 effe
920 3321 1050 3383 Salvato-
1091 3320 1124 3384 ἅ
1144 3320 1362 3383 occidentalem
1393 3319 1546 3383 Ecclesiam
1576 3319 1612 3382 ab
1641 3320 1790 3404 Apostolis
1819 3338 1877 3402 pet

203 3465 207 3472 ,
264 3403 305 3460 rit
322 3397 402 3472 nolti
415 3399 484 3477 Jesu
499 3398 627 3490 phtisi,
660 3425 719 3480 quae
744 3420 795 3476 pro
820 3405 938 3481 peccaris
957 3403 1052 3481 nostris
1091 3403 1227 3482 antiquos
1251 3403 1348 3464 Patres
1370 3400 1523 3485 accepisie,
1545 3417 1608 3463 tom
1627 3423 1664 3465 ex
1695 3422 1730 3465 eo
1760 3401 1879 3541 lippet,

256 3478 340 3562 passa
358 3477 416 3554 esi.
436 3477 562 3552 Jullrnus
581 3480 682 3541 itidem
706 3480 1049 3575 Martyrinripologia‚
1090 3485 1169 3579 quod
1191 3483 1306 3558 rtatim,
1330 3501 1364 3555 ac
1385 3482 1495 3566 semper
1523 3502 1631 3546 errores
1659 3480 1879 3566 ptolctiperit,

1633 3077 1682 3154 ei,
1712 3074 1878 3157 Berengarii

261 3579 326 3641 qun
357 3558 476 3622 secunda
504 3557 611 3621 dicitur
641 3578 694 3641 pto
732 3558 905 3625 Chrrslianrs
942 3565 1050 3642 edita,
1090 3585 1141 3646 qut
1170 3586 1235 3628 eam
1268 3563 1437 3629 labemslare
1467 3581 1520 3628 aut
1560 3563 1706 3627 maculare
1738 3562 1881 3646 possent;

261 3640 326 3703 tite
349 3643 511 3721 Perpreeer
533 3638 651 3700 versia
670 3639 779 3719 Christo
809 3643 942 3723 professi,
975 3645 1049 3708 scili·
1093 3663 1157 3709 turn
1180 3647 1268 3709 eriam
1291 3667 1325 3707 ex
1348 3665 1401 3721 eo,
1422 3647 1502 3728 quod
1521 3665 1624 3708 omnes
1645 3643 1800 3709 orientales
1821 3643 1879 3704 Ec·

260 3735 307 3785 eet
328 3742 378 3805 per
407 3721 465 3784 hae:
496 3742 560 3801 quae
590 3721 720 3785 Chrislus
750 3726 956 3803 pronunciavit
986 3749 1051 3791 ver·
1088 3726 1178 3789 clefia
1200 3750 1218 3789 a
1237 3743 1286 3790 tot
1306 3724 1414 3789 laeculis
1434 3730 1471 3789 ab
1489 3730 1553 3800 ejus
1572 3724 1780 3789 communione
1802 3721 1829 3787 se
1867 3760 1880 3775 ·

194 3879 196 3883 μ
260 3803 319 3867 ba:
341 3807 401 3866 Hoc
421 3803 456 3882 ess
477 3810 532 3866 Cor
550 3825 702 3878 atmenm,
723 3803 969 3870 clintoniamrmde
983 3810 1051 3888 san·
1092 3827 1161 3871 tatae
1183 3809 1213 3870 in
1234 3806 1333 3872 eadem
1354 3829 1422 3871 cum
1446 3806 1505 3891 ipsa
1524 3804 1798 3872 fideconsentiunt.
1868 3840 1881 3854 ·

257 3889 322 3967 guis
344 3883 382 3948 Θ·
403 3823 570 3962 catenatim
587 3888 836 3967 permutationem
855 3889 985 3963 aluntur,
1007 3895 1050 3953 in·
1090 3907 1210 3952 currunt
1230 3888 1309 3953 enim
1332 3890 1362 3952 in
1382 3888 1505 3953 Oriente
1527 3888 1683 3962 l’hotiani,
1706 3887 1763 3954 live
1783 3882 1881 3949 Graeci

260 3970 368 4029 carnari
387 3967 464 4028 illius
483 3964 565 4029 verbi
577 3969 647 4047 Jesrt
677 3987 782 4029 carnem
813 3967 853 4033 (¹2¹
881 3974 1048 4054 Sanguinem
1089 3969 1290 4046 schismatici,
1315 3971 1458 4045 Armeni,
1482 3971 1593 4054 Copti,
1614 3972 1646 4033 ἀ
1675 3969 1694 4030 S
1718 3968 1744 4032 ῐῖ
1762 3967 1879 4040 Jacobs·

260 4048 330 4128 effe.
350 4045 465 4109 Similia
486 4048 573 4113 habet
595 4049 715 4114 lrenaeus
734 4045 787 4112 lib.
817 4067 847 4127 4.
869 4066 971 4114 contra
992 4051 1047 4114 hae·
1077 4067 1144 4126 ta,
1165 4053 1217 4134 qoi
1238 4052 1284 4117 vel
1313 4052 1351 4114 ab
1386 4053 1447 4136 ipsa
1476 4052 1703 4116 Chalcedonenr
1737 4050 1877 4131 Synodo,

259 4127 330 4191 reses
350 4145 412 4211 cap.
434 4150 481 4211 32·
506 4150 554 4210 34.
577 4129 617 4192 st
640 4151 687 4210 57.
711 4129 844 4202 Eadem,
867 4131 897 4193 δι
918 4131 954 4194 iis
973 4151 1046 4227 quo·
1085 4132 1134 4198 vel
1155 4133 1244 4216 paulo
1273 4134 1335 4216 poll
1362 4152 1380 4194 a
1409 4136 1550 4196 Romana
1580 4133 1714 4197 Ecclefie
1742 4151 1879 4196 commo·

259 4225 318 4347 pue
337 4208 461 4272 clariora
481 4227 636 4274 occurrunt
657 4210 686 4272 in
710 4211 842 4275 Patribus
863 4207 1044 4308 sequentium
1086 4212 1175 4277 nione
1194 4214 1377 4288 defeceruntt
1407 4215 1438 4278 dr
1474 4213 1658 4290 Nesloriani,
1688 4213 1740 4297 qui
1771 4211 1879 4276 Nello-

273 4288 444 4366 aeculorum,
466 4309 589 4371 quorum
612 4290 798 4356 aosloritates
819 4290 910 4360 videri
931 4294 1047 4377 possout
1086 4291 1163 4356 rium
1185 4295 1341 4379 sequuntur
1360 4295 1532 4360 damnatum
1557 4299 1647 4357 Anno
1656 4292 1880 4376 431.inEplte·

220 4367 545 4515 oapibtiilimcstmbs
564 4373 724 4468 Scriptores
734 4417 781 4518 ,Ἡ
853 4454 861 4473 .
929 4458 937 4472 ι
1022 4457 1030 4473 ο
1086 4374 1298 4521 stpaplynogp.
1321 4374 1788 4523 AtrpifiomnesOttlrodotamde
1811 4373 1880 4516 {u-

260 4530 313 4625 bus
335 4473 442 4613 precis
450 4469 746 4631 stibiitlbiittbringblss
774 4472 905 4602 buciliis
929 4476 958 4601 1ti!
979 4475 1044 4621 bii·
1085 4473 1219 4615 insilis?
1229 4541 1261 4603 or
1280 4477 1378 4604 {ibris
1397 4474 1623 4606 exsilierint
1635 4480 1683 4605 ιεχῐί
1699 4474 1879 4600 3ωὲυᾶἑῖ

256 4632 313 4676 mu
332 4613 512 4697 temporibus
533 4636 563 4678 rn
585 4614 766 4682 Eucharrllra
793 4616 972 4686 conficienda
991 4619 1041 4683 ad·
1082 4637 1113 4683 re
1133 4559 1342 4707 inperatoris
1362 4620 1449 4708 fidei,
1471 4644 1490 4689 a
1509 4620 1713 4698 nenaudorio,
1736 4617 1773 4681 ab
1794 4616 1877 4682 Alit·

1527 4757 1538 4762 ,,
1724 4718 1833 4775 mano,
