4075 5275
551 17 1023 127 aureuma
1083 27 1484 132 nuceto:
1590 27 1763 155 *537*
1857 139 1859 141 ,

200 158 348 246 peragitur
366 150 459 233 plures
479 144 611 212 adsrllant
633 150 830 228 Sacerdotes,
864 151 910 218 vel
933 152 985 217 sal·
1028 155 1108 220 licite
1129 154 1208 230 fiat,
1241 172 1309 219 atas
1339 154 1391 219 illa
1421 151 1533 218 firmior
1562 152 1735 239 exportanda
1755 176 1816 222 non

202 259 264 307 epm
285 234 366 322 probi
387 230 463 303 viri,
487 235 624 292 usurario
645 236 728 295 corius
748 232 983 310 Ecclefraeades·
1026 238 1083 314 esi,
1104 258 1162 320 qua
1182 236 1359 300 Sacramenti
1391 236 1575 301 Poeuiteutiae
1601 256 1718 319 capaces
1747 257 1814 303 cen·
1920 297 1924 312 ,

203 322 303 387 fesium
319 315 410 386 nujus
431 309 599 380 sacramenti
621 313 808 390 coadjuvet,
838 336 902 398 qua
922 338 984 382 ver·
1027 315 1140 385 sentur.
1164 317 1262 383 Pueris
1282 316 1447 384 accensendi
1469 314 1533 380 sunt
1553 317 1643 381 etiam
1673 337 1815 401 perpetuo

201 398 319 464 basum
339 396 368 457 S.
388 389 516 457 Thomas
536 411 656 480 cap-43.
676 396 772 473 lib.4.
794 413 886 459 contra
913 402 984 468 Gens
1025 415 1172 475 amentes,
1194 401 1225 463 dt
1247 398 1369 474 suriosr,
1400 399 1503 478 quibus
1531 398 1660 461 conssans
1686 398 1742 466 suit
1765 421 1816 481 per

200 503 264 552 ιιι]
283 476 357 539 ibid.
379 475 409 550 §·
427 494 454 552 ς.
547 537 551 542 ,
1028 481 1229 546 toramvitam
1238 481 1387 544 amentia.
1407 480 1564 555 Constans,
1585 481 1614 541 in
1635 501 1722 554 uam,
1744 501 1816 544 nam

136 584 182 650 59
240 551 412 620 Ministrare
433 554 504 620 iliud
524 555 742 623 Sacramentum
764 556 860 622 valide
885 580 987 626 omnes
1028 561 1162 625 fiadulti
1184 561 1265 627 usum
1288 559 1409 625 rationis
1429 558 1585 643 aliquando
1605 499 1814 638 obtinuerunt,

197 642 363 705 Sacerdotes
384 634 496 720 possunt
511 659 527 708 3.
540 637 591 700 uni
613 655 710 703 tamen
734 639 865 703 Patocbo
888 640 922 704 de
941 642 984 714 ju·
1025 659 1151 737 tuncque
1173 643 1335 714 inciderunt
1357 642 1386 704 in
1408 641 1592 715 amentiam,
1613 662 1680 704 cum
1701 642 1815 720 aliquid

199 742 230 787 te
251 716 415 801 competit,
437 737 504 780 cum
525 718 559 782 stt
580 721 640 791 eius
652 718 780 784 minister
801 719 983 785 ordinarius.
1024 723 1158 786 crimmis
1177 723 1364 789 committere
1392 722 1570 803 potuerint,
1602 721 1702 804 utique
1730 722 1814 785 inuu-

199 800 266 867 nui
295 801 316 861 sr
347 798 376 859 id
406 798 529 862 audeant
559 799 662 881 absque
692 799 816 864 Parocbi
849 799 987 866 facultate
1027 803 1472 886 genuisunt.1bid.cap.21.

165 897 178 950 ’,
196 898 300 948 contra
320 879 460 943 siatutum
482 877 513 940 in
533 879 719 946 catechismo
741 884 899 957 Romano,
921 902 985 967 pec·
1067 885 1121 949 Sed
1140 886 1241 966 quid,
1274 887 1294 948 fi
1325 881 1418 948 subita
1437 882 1469 948 vi
1500 883 1596 950 morbi
1625 885 1751 966 correpti
1783 882 1813 948 in
1834 886 1878 970 63'

197 980 284 1027 cant.
307 958 452 1038 Quinimo
480 959 619 1042 Religiost
647 980 787 1044 agrotum
806 965 986 1045 ungentes,
1027 966 1187 1032 amentiam
1218 966 1376 1040 incidant,
1407 979 1440 1027 ut
1471 981 1568 1047 petere
1596 966 1815 1036 Sacramentum

197 1043 322 1109 minime
340 1064 358 1105 a
380 1040 510 1104 Parocbo
531 1040 623 1123 petita
642 1043 729 1107 venia
760 1062 862 1126 prater
888 1043 988 1139 gravis
1028 1044 1150 1111 minime
1169 1045 1335 1112 valuerint?
1359 1045 1419 1107 Eos
1436 1043 1564 1127 proferro
1582 1045 1818 1118 bocSacramen-

197 1124 289 1210 culpae
310 1138 421 1187 reatum
444 1123 474 1183 in
494 1121 829 1192 excommunicationem
853 1124 984 1189 incidunt
1024 1143 1058 1189 to
1077 1127 1172 1200 iuvari
1191 1133 1333 1211 oportet,
1365 1125 1384 1186 fi
1414 1123 1569 1209 prasertim
1592 1124 1711 1190 sensibus
1730 1127 1813 1191 desii-

199 1204 377 1292 Apostolicae
397 1201 454 1266 sedi
483 1199 656 1268 reservatam
677 1203 718 1276 ‘in
747 1205 885 1268 clement.
903 1226 929 1268 1.
949 1203 985 1266 de
1025 1207 1103 1282 turi,
1124 1209 1248 1274 aliorum
1271 1212 1526 1272 Sacramentorum
1545 1207 1693 1280 remedio.
1712 1208 1815 1280 iuvare

198 1290 337 1372 Priuileg.
358 1280 474 1349 excluso
504 1301 603 1348 ramen
625 1281 806 1349 necessitatis
834 1282 988 1361 articulo,
1030 1285 1057 1350 se
1077 1309 1136 1351 uon
1159 1288 1283 1371 posiint.
1305 1286 1381 1352 ibid.
1402 1306 1462 1371 cap.
1479 1310 1529 1353 21.
1543 1305 1595 1372 per
1614 1308 1673 1356 ror.

200 1371 232 1435 in
253 1389 311 1455 quo
331 1364 427 1429 arium
458 1364 598 1457 caritatis·
618 1385 676 1427 non
707 1361 890 1427 austeritatis
919 1362 987 1428 abn-
1069 1367 1150 1433 Ordo
1172 1371 1201 1432 in
1223 1372 1279 1435 hoc
1300 1371 1489 1435 Sacramento
1510 1369 1681 1435 conserendo
1734 1390 1815 1440 uam·
1838 1373 1878 1449 64

201 1451 263 1517 sum
283 1465 416 1514 exercent
441 1490 449 1510 .
478 1447 550 1520 Hac
570 1442 647 1506 disin
667 1444 721 1506 fint
750 1444 786 1507 de
805 1442 921 1507 Latinis
940 1445 987 1506 Sa·
1051 1467 1116 1510 uam
1138 1469 1198 1511 non
1220 1451 1296 1514 idem
1317 1450 1404 1516 suerit
1424 1448 1535 1532 semper
1563 1449 1687 1519 intuta
1759 1452 1818 1516 cle-⁴

199 1531 383 1605 cerdotibus,
402 1547 470 1591 cum
487 1527 527 1606 de
536 1524 645 1586 Graecis
667 1522 725 1584 alia
744 1522 779 1586 fit
799 1519 898 1598 ratio;
919 1545 987 1587 nam
1028 1465 1087 1600 da,
1107 1549 1174 1592 cum
1195 1528 1248 1590 alii
1262 1532 1363 1604 ,statim
1386 1531 1448 1614 post
1468 1531 1722 1596 Sacramentalem
1737 1530 1818 1596 abso·

198 1613 274 1696 apud
296 1610 363 1672 illos
385 1626 449 1667 mos
470 1604 528 1681 eli,
548 1622 600 1666 nec
621 1625 639 1666 a
665 1598 812 1667 Romanis
836 1599 987 1666 Pontifici·
1029 1603 1173 1669 lurionem
1195 1625 1263 1673 anre
1285 1611 1435 1676 Viariceuu
1464 1630 1588 1692 aegrotos
1618 1612 1786 1678 inunxerint
1807 1630 1819 1685 3

199 1694 252 1756 bus
274 1690 314 1754 im
338 1687 471 1760 robatur,
494 1702 527 1748 ut
550 1684 579 1746 in
601 1683 657 1747 hoc
677 1685 863 1749 Sacramento
891 1683 987 1752 conse·
1028 1685 1079 1748 alii
1102 1688 1164 1769 post
1184 1686 1338 1751 Viaticum
1361 1714 1369 1754 ε
1390 1711 1469 1764 ‘curu
1487 1710 1585 1756 tamen
1607 1692 1737 1756 Ecclesia
1759 1694 1820 1755 Ro·

145 1805 149 1810 ·
175 1771 290 1836 'rendo
313 1708 629 1854 ldptemSacerdotes,
649 1764 697 1831 vel
720 1762 820 1831 saltem
842 1783 900 1832 tres
919 1787 991 1851 prae·
1032 1788 1124 1831 mana
1145 1763 1297 1850 disciplina
1325 1768 1355 1829 in
1384 1769 1571 1836 Carechismo
1599 1773 1728 1836 Concilii
1748 1771 1820 1842 Tri·

200 1855 243 1918 sio
264 1853 338 1916 sunt.
360 1847 433 1912 ibid.
455 1849 484 1926 §.
501 1847 530 1908 8.
1031 1848 1109 1913 dent.
1130 1848 1256 1932 expressa
1284 1849 1456 1931 postremam
1492 1851 1566 1913 hanc
1595 1852 1698 1932 agendi
1728 1852 1819 1916 tatio·

137 1936 182 1997 uo
242 1934 401 2014 Unguntur
420 1948 493 1994 veto
520 1924 617 1991 fideles
646 1928 701 1993 tali
732 1927 838 1996 morbo
859 1928 990 1992 laboran·
1032 1949 1098 1994 uem
1121 1926 1278 1996 servaverit
1298 1974 1308 2004 ,
1326 1929 1473 2012 requitatis
1503 1930 1580 2002 ratio
1599 1930 1757 2013 postulat,
1788 1948 1824 1997 ut

201 2029 261 2089 tes,
284 2012 362 2076 unde
381 2010 541 2094 peritorum
564 2009 672 2082 judicio
696 2030 774 2075 mors
793 2012 928 2095 proxime
950 2007 989 2073 se·
1030 2011 1068 2075 ab
1089 2033 1122 2074 ea
1143 2032 1202 2087 non
1225 2010 1389 2075 recedatur.
1414 2008 1491 2074 lbid.
1514 2029 1582 2093 cap.
1595 2031 1646 2090 ²³·

200 2112 303 2160 cutura
331 2093 485 2176 prudenter
504 2089 664 2164 timeatut;
683 2110 772 2174 quare
792 2089 991 2174 denegandum
1073 2092 1186 2157 Eodem
1210 2091 1314 2155 morbo
1333 2093 1365 2154 dc
1390 2089 1524 2185 periculo
1592 2090 1750 2158 rseveraote
1778 2115 1818 2158 re·
1841 2095 1879 2173 65

199 2173 316 2250 elicis,
338 2172 442 2255 quibus
464 2187 576 2234 certum
599 2192 657 2236 oon
688 2173 761 2238 adell
790 2174 861 2240 vita
880 2171 991 2257 pericu·
1033 2189 1129 2258 perere
1149 2176 1367 2237 Sacramentum
1390 2172 1459 2236 rsiud
1480 2192 1539 2235 nou
1572 2172 1661 2248 icet3
1690 2174 1721 2236 Si
1751 2195 1823 2238 vero

199 2256 281 2330 lum,
303 2271 377 2340 puta
397 2272 475 2317 mare
506 2247 713 2336 transgressuris
730 2251 754 2329 ,'
771 2252 902 2341 pralium
936 2253 990 2316 ini.
1033 2253 1128 2319 morbi
1152 2255 1197 2320 vis
1218 2254 1260 2318 ita
1281 2250 1439 2330 remiserit,
1461 2267 1495 2315 ut
1505 2252 1637 2317 recessisse
1659 2253 1821 2338 periculum

200 2334 291 2413 ruris,
314 2335 421 2400 ultimo
443 2332 585 2480 sppplicio
616 2332 773 2420 afficiepdis
788 2358 805 2399 .:
837 2356 904 2400 curn
933 2334 998 2400 hoc.
1033 2335 1139 2400 mortis
1157 2335 1309 2410 videatur,
1333 2335 1494 2417 iterumque
1516 2333 1707 2411 recrudescat,
1729 2334 1821 2399 &uo-

201 2413 261 2480 rilis
282 2415 380 2500 deut,
411 2438 450 2499 qu
512 2415 615 2484 morbo
637 2416 797 2501 periculoso
826 2416 992 2482 laborent.
1034 2439 1104 2485 vum
1127 2418 1232 2483 mortis
1251 2413 1414 2502 periculum
1448 2432 1579 2495 urgeat,
1614 2433 1680 2478 tum
1712 2415 1821 2480 iterum

199 2499 267 2562 Hoc
288 2507 361 2564 vero
382 2498 478 2563 morbi
500 2498 598 2577 gravis
656 2497 780 2586 ticulum
801 2500 844 2562 ita
873 2498 990 2564 necessa·
1032 2500 1130 2566 unsiio
1151 2498 1310 2586 peragenda
1339 2497 1410 2562 esi.
1443 2496 1517 2559 ibid.
1540 2495 1570 2558 in
1601 2496 1690 2560 dubio
1720 2514 1821 2559 tamen

204 2580 282 2644 rhum
304 2580 377 2656 est,
408 2596 442 2647 ut
463 2577 537 2643 sanis
566 2581 707 2647 colatum
735 2583 989 2660 Sacramentum,
1032 2603 1103 2648 num
1126 2583 1223 2647 morbi
1242 2582 1331 2646 slatus
1351 2579 1385 2643 sit
1407 2593 1554 2653 mutatus,
1584 2573 1630 2641 seu
1651 2596 1721 2640 num
1743 2575 1822 2639 idem

201 2661 250 2727 vcl
271 2660 384 2725 nullum
407 2661 459 2737 sit,
493 2661 540 2726 vei
572 2661 742 2727 illicitum.
774 2664 879 2745 Neque
908 2678 990 2745 urget
1026 2664 1214 2751 perseveret,
1237 2661 1352 2747 expedit
1373 2677 1406 2723 ut
1426 2658 1462 2723 ad
1482 2658 1661 2723 Sacramenti
1691 2657 1822 2723 iteratio-

200 2742 370 2806 Gtaecorum
392 2738 567 2809 consuetudo
589 2746 715 2825 ungendi
735 2744 807 2812 bene
828 2743 957 2810 valentes
980 2765 990 2817 ;
1031 2769 1098 2812 nem
1121 2746 1267 2820 Parochus
1286 2740 1486 2826 propendeat.
1510 2736 1596 2801 lbid.

200 2842 269 2886 nam
292 2823 312 2884 st
334 2822 364 2886 id
396 2843 483 2907 agant
515 2824 570 2887 rati
601 2823 629 2891 se
656 2824 786 2891 conserte
816 2845 918 2897 verum
938 2825 988 2890 Se·
1072 2830 1121 2893 An
1143 2842 1276 2888 teneatur
1295 2820 1441 2885 parochus
1455 2821 1673 2885 Sacramentum
1696 2823 1751 2886 boc
1771 2825 1819 2886 ad·
1840 2825 1880 2887 66

202 2920 406 2982 uramentum,
427 2905 591 2989 increpandi
612 2907 715 2973 acriter
738 2907 803 2973 sunt
824 2953 834 2987 ,
870 2904 900 2970 dt
921 2925 989 3000 pro·
1030 2907 1190 2968 ministrare
1210 2904 1285 2986 pelle
1303 2900 1522 2963 laborantibus?
1546 2902 1592 2965 Er
1611 2899 1819 2968 matineseie·

200 2984 317 3050 bibendi
329 3010 338 3057 ;
359 2988 429 3050 stcut
451 2988 639 3065 tunceriaur,
662 3011 750 3065 cum,
770 3006 803 3052 ut
823 2986 899 3061 apud
921 2985 988 3042 risos
1030 2982 1066 3046 tii
1089 3003 1158 3048 tunc
1178 2997 1291 3046 tenetur
1313 2994 1472 3063 ¹quatenus
1492 2981 1590 3048 valeat
1620 2981 1725 3065 absque
1755 3004 1819 3048 mn·

197 3065 345 3131 interdum
368 3067 425 3144 fit,
449 3067 516 3132 loco
538 3066 752 3141 satisfactionis,
768 3081 820 3143 per
840 3055 987 3125 cunfem·
1029 3061 1084 3126 rali
1106 3062 1175 3127 vitae
1196 3023 1310 3145 pericul
1336 3104 1345 3124 .

199 3146 259 3214 rios
279 3146 483 3232 imponenda,
504 3146 680 3231 poenitentes
711 3142 883 3223 inungunt..
913 3136 986 3205 ibid.
1060 3145 1121 3208 ·An
1142 3141 1239 3223 valeat
1259 3144 1510 3224 Sacramentum,
1541 3147 1563 3210 fi
1593 3146 1783 3212 instrumento
1803 3190 1814 3225 ,
1838 3150 1885 3231 όᾳιΙ

200 3247 260 3309 cap.
277 3249 324 3290 ιο.
343 3246 393 3306 per
412 3245 461 3290 rot.
957 3301 966 3317 .
1030 3245 1135 3309 nempe
1122 3220 1314 3372 sepetrnicillo
1335 3225 1492 3323 inungatur
1512 3248 1618 3312 corpus
1647 3228 1748 3309 egroti
1768 3247 1818 3311 pe.

141 3307 180 3368 61
241 3306 457 3371 Providendum
479 3304 517 3366 eli
537 3316 677 3369 tamena
707 3305 871 3391 Patocho,
900 3323 936 3368 ne
957 3323 988 3365 m
1029 3306 1119 3369 stein
1177 3307 1205 3384 i,
1227 3304 1302 3389 nihil
1322 3307 1484 3385 deciduum
1504 3309 1632 3374 asseritur
1659 3322 1756 3387 tanen
1779 3308 1818 3370 ri-

201 3385 258 3452 hoc
278 3389 466 3452 Sacramento
488 3383 710 3450 administrando
732 3385 762 3452 su
785 3408 897 3451 remum
918 3384 989 3450 vita
1030 3403 1094 3451 tum
1117 3388 1205 3453 talem
1228 3389 1258 3451 in
1280 3389 1408 3454 Ecclefia
1427 3387 1569 3471 hucusque
1601 3389 1680 3455 fuisse
1705 3389 1818 3455 innuta-

201 3468 357 3534 articulum
377 3464 525 3550 erpeiieta
547 3464 592 3530 sed
603 3468 743 3534 maturius
764 3470 793 3531 td
813 3466 899 3553 agat,
919 3484 989 3532 cum
1029 3484 1119 3543 tum3
1142 3468 1219 3532 lbid.
1241 3485 1369 3551 cap.19.
1389 3473 1419 3548 §.
1437 3489 1483 3550 ¹7·
1502 3491 1568 3534 nov.
1587 3470 1658 3532 edit.

202 3570 276 3632 ager
298 3548 426 3613 nondum
448 3546 567 3612 sensibus
586 3548 751 3626 destitutus,
778 3549 915 3693 precibus
942 3547 991 3611 Sa·

201 3630 327 3695 cerdotis
347 3630 408 3695 suas
436 3629 527 3693 etiam
557 3630 709 3711 adjungere
739 3648 852 3696 vaet.
884 3628 991 3694 Provi·
1193 3629 1360 3697 additiones
1377 3647 1412 3695 ee
1429 3630 1522 3696 aliena
1541 3652 1647 3693 manu.

203 3711 326 3777 dandum
350 3710 394 3772 illi
414 3711 453 3774 esi
473 3713 584 3786 etiam,
606 3731 642 3774 ne
663 3710 720 3774 boc
747 3712 987 3789 Sacramentum,

223 3814 379 3876 uamquem
401 3811 460 3855 non
482 3792 520 3855 esi
549 3791 584 3853 de
614 3809 756 3875 precepto
779 3835 789 3867 ,
826 3791 990 3878 petentibus
1072 3792 1163 3878 Apud
1181 3793 1300 3859 Graece
1319 3793 1416 3859 oleum
1439 3815 1458 3856 a
1480 3790 1657 3875 presbyteris
1676 3789 1817 3857 benedici·
1839 3792 1878 3855 68

201 3815 342 3959 denegem
362 3874 392 3937 id
411 3872 492 3937 enim
513 3872 534 3933 st
554 3870 600 3936 vel
622 3871 672 3935 ille
694 3889 827 3954 negaret,
859 3872 907 3939 vel
929 3892 989 3936 nou
1028 3889 1111 3947 tura
1144 3878 1270 3939 Goaria
1289 3893 1345 3938 nor.
1366 3874 1406 3935 ad
1426 3875 1535 3938 Rirual.
1560 3877 1675 3936 Grecos.
1698 3894 1753 3937 noe.
1768 3893 1817 3936 22.

200 3955 335 4032 offerret,
357 3973 476 4039 gravem
496 3952 612 4037 culpam
643 3953 877 4019 committeret.
907 3951 987 4030 Quin
1030 3952 1179 4020 benedicit
1209 3956 1311 4038 utique
1330 3957 1361 4021 dc
1383 3953 1441 4039 ipse
1472 3955 1577 4041 Episco
1599 3977 1631 4019 us
1652 3956 1711 4019 ritu
1738 3957 1817 4017 Gra·
1840 3960 1881 4038 ⁶9

84 4058 92 4081 ι
202 4059 254 4102 nec
275 4036 373 4103 desunt
396 4035 522 4119 plures,
553 4033 604 4118 qui
634 4034 818 4120 opinentur,
848 4053 988 4120 agrotum
1031 4057 1132 4101 corum
1150 4036 1227 4101 seria
1244 4036 1351 4135 quinta
1380 4035 1423 4100 in'
1440 4037 1535 4101 Coena
1612 4034 1685 4099 mini
1708 4033 1819 4100 sacrum

201 4140 220 4180 u
258 4134 356 4183 amem
378 4115 502 4199 recipere
530 4114 648 4179 Sacram
678 4116 843 4181 unsiionem
866 4163 876 4195 ,
906 4136 988 4181 reum
1030 4117 1211 4195 oleum,·sed
1234 4136 1285 4185 mx
1306 4113 1587 4183 sanaberedierrone
1607 4134 1704 4181 totum
1719 4118 1820 4181 oleum

200 4198 239 4263 ha
259 4200 299 4262 eri
321 4197 418 4264 letalis
438 4197 560 4281 culpa,
593 4218 659 4261 cum
681 4219 717 4262 err
746 4215 919 4282 contemptu
939 4199 987 4262 Sa·
1029 4197 1238 4277 consumitur,
1278 4199 1364 4282 idque
1394 4198 1464 4282 quia
1497 4199 1667 4262 Graecorum
1705 4218 1816 4272 more,

202 4281 343 4346 crementi
377 4278 408 4342 id
441 4300 559 4345 renuere
591 4277 699 4344 merito
730 4279 836 4347 censeri
868 4277 987 4365 puffrt.
1029 4281 1131 4345 Cvnsli
1153 4284 1167 4361 (
1179 4280 1221 4345 ait
1243 4285 1318 4344 Grae
1337 4279 1470 4358 ibidem)
1491 4280 1619 4361 acceffuri
1653 4278 1692 4339 ad
1706 4279 1826 4358 sacramx

203 4359 280 4425 ibid.
302 4378 362 4444 cap.
376 4381 426 4423 22.
1021 4367 1154 4444 synaxim
1174 4366 1205 4425 in
1220 4378 1392 4445 peccatorum
1412 4364 1591 4443 expiationem
1603 4360 1665 4441 sese
1683 4357 1819 4441 ungendos

141 4438 182 4503 62
241 4442 342 4508 Pueris
361 4459 431 4508 ante
449 4440 532 4508 usum
553 4442 676 4507 rationis
697 4466 731 4507 ex
762 4460 902 4528 perpetua
930 4444 986 4506 Ec·
1028 4444 1163 4521 offerunt,
1187 4443 1226 4507 (a
1248 4444 1395 4526 Episcopus
1414 4445 1471 4524 ipse
1486 4446 1595 4524 primm
1604 4442 1725 4502 omnium
1735 4441 1818 4502 <Eco-

202 4520 289 4601 elefie
308 4522 440 4592 domina
460 4544 521 4591 nun
540 4523 647 4605 datur,
670 4544 877 4612 quamquam,
906 4542 940 4594 ut
961 4522 992 4623 id
1031 4526 1108 4595 nomi
1125 4548 1209 4594 manu
1228 4525 1381 4592 vallionem
1396 4526 1536 4613 suscipit,
1558 4547 1639 4609 quem
1651 4521 1749 4586 deinde
1762 4543 1819 4582 om-

1734 4624 1782 4689 nrt,
