<?xml version="1.0" encoding="UTF-8"?>
<!DOCTYPE html PUBLIC "-//W3C//DTD XHTML 1.0 Transitional//EN"
    "http://www.w3.org/TR/xhtml1/DTD/xhtml1-transitional.dtd">
<html xmlns="http://www.w3.org/1999/xhtml" xml:lang="en" lang="en">
 <head>
  <title>
</title>
<meta http-equiv="Content-Type" content="text/html;charset=utf-8" />
  <meta name='ocr-system' content='tesseract 3.04.00' />
  <meta name='ocr-capabilities' content='ocr_page ocr_carea ocr_par ocr_line ocrx_word'/>
</head>
<body>
  <div class='ocr_page' id='page_1' title='image "./admrevpfluciife09ferrgoog/admrevpfluciife09ferrgoog_0209.png"; bbox 0 0 4075 5275; ppageno 0'>
   <div class='ocr_carea' id='block_1_1' title="bbox 562 148 1735 277">
    <p class='ocr_par' dir='ltr' id='par_1_1' title="bbox 562 148 1735 277">
     <span class='ocr_line' id='line_1_1' title="bbox 562 148 1735 277; baseline 0.014 -40"><span class='ocrx_word' id='word_1_1' title='bbox 562 148 603 237; x_wconf 89' lang='lat' dir='ltr'>D</span> <span class='ocrx_word' id='word_1_2' title='bbox 630 149 672 238; x_wconf 90' lang='lat' dir='ltr'>U</span> <span class='ocrx_word' id='word_1_3' title='bbox 705 154 743 238; x_wconf 88' lang='lat' dir='ltr'>E</span> <span class='ocrx_word' id='word_1_4' title='bbox 773 151 811 235; x_wconf 91' lang='lat' dir='ltr'>L</span> <span class='ocrx_word' id='word_1_5' title='bbox 839 152 876 238; x_wconf 91' lang='lat' dir='ltr'>L</span> <span class='ocrx_word' id='word_1_6' title='bbox 905 156 950 241; x_wconf 91' lang='lat' dir='ltr'>U</span> <span class='ocrx_word' id='word_1_7' title='bbox 979 161 1053 268; x_wconf 87' lang='lat' dir='ltr'>M,</span> <span class='ocrx_word' id='word_1_8' title='bbox 1132 162 1273 247; x_wconf 77' lang='lat' dir='ltr'>Aac.</span> <span class='ocrx_word' id='word_1_9' title='bbox 1320 160 1385 243; x_wconf 84' lang='lat' dir='ltr'>II.</span> <span class='ocrx_word' id='word_1_10' title='bbox 1642 165 1735 277; x_wconf 82' lang='lat'>&#39;189&#39;</span> 
     </span>
    </p>
   </div>
   <div class='ocr_carea' id='block_1_2' title="bbox 160 264 1897 4390">
    <p class='ocr_par' dir='ltr' id='par_1_2' title="bbox 160 264 1897 4390">
     <span class='ocr_line' id='line_1_2' title="bbox 167 264 1791 367; baseline 0.006 -30"><span class='ocrx_word' id='word_1_11' title='bbox 167 277 252 367; x_wconf 66' lang='lat' dir='ltr'>preire</span> <span class='ocrx_word' id='word_1_12' title='bbox 310 290 376 352; x_wconf 91' lang='lat' dir='ltr'>,ac</span> <span class='ocrx_word' id='word_1_13' title='bbox 396 264 504 354; x_wconf 87' lang='lat' dir='ltr'>proscri</span> <span class='ocrx_word' id='word_1_14' title='bbox 540 286 558 330; x_wconf 82' lang='lat' dir='ltr'>a</span> <span class='ocrx_word' id='word_1_15' title='bbox 585 265 779 343; x_wconf 82' lang='lat' dir='ltr'>viderenmr,</span> <span class='ocrx_word' id='word_1_16' title='bbox 812 266 867 348; x_wconf 83' lang='lat' dir='ltr'>pia</span> <span class='ocrx_word' id='word_1_17' title='bbox 897 288 957 335; x_wconf 91' lang='lat' dir='ltr'>me·</span> <span class='ocrx_word' id='word_1_18' title='bbox 998 298 1050 336; x_wconf 85' lang='lat' dir='ltr'>noe</span> <span class='ocrx_word' id='word_1_19' title='bbox 1070 272 1234 335; x_wconf 82' lang='lat' dir='ltr'>valeamus:</span> <span class='ocrx_word' id='word_1_20' title='bbox 1256 274 1337 348; x_wconf 88' lang='lat' dir='ltr'>Quas</span> <span class='ocrx_word' id='word_1_21' title='bbox 1357 270 1474 356; x_wconf 89' lang='lat' dir='ltr'>quidem</span> <span class='ocrx_word' id='word_1_22' title='bbox 1497 273 1659 342; x_wconf 73' lang='lat' dir='ltr'>assertiones</span> <span class='ocrx_word' id='word_1_23' title='bbox 1687 280 1791 348; x_wconf 88' lang='lat' dir='ltr'>duellis</span> 
     </span>
     <span class='ocr_line' id='line_1_3' title="bbox 165 347 1787 440; baseline -0.007 -14"><span class='ocrx_word' id='word_1_24' title='bbox 165 360 265 427; x_wconf 83' lang='lat' dir='ltr'>moria</span> <span class='ocrx_word' id='word_1_25' title='bbox 310 350 466 419; x_wconf 78' lang='lat' dir='ltr'>mdecessor</span> <span class='ocrx_word' id='word_1_26' title='bbox 519 347 593 412; x_wconf 88' lang='lat' dir='ltr'>oller</span> <span class='ocrx_word' id='word_1_27' title='bbox 606 348 886 433; x_wconf 81' lang='lat' dir='ltr'>Greg.Papalllll.</span> <span class='ocrx_word' id='word_1_28' title='bbox 909 354 957 431; x_wconf 86' lang='lat' dir='ltr'>(a)</span> <span class='ocrx_word' id='word_1_29' title='bbox 999 352 1145 428; x_wconf 82' lang='lat' dir='ltr'>faventes,</span> <span class='ocrx_word' id='word_1_30' title='bbox 1168 355 1339 429; x_wconf 83' lang='lat' dir='ltr'>Apostolica</span> <span class='ocrx_word' id='word_1_31' title='bbox 1357 353 1440 418; x_wconf 83' lang='lat' dir='ltr'>Sedes</span> <span class='ocrx_word' id='word_1_32' title='bbox 1450 353 1566 419; x_wconf 84' lang='lat' dir='ltr'>censura</span> <span class='ocrx_word' id='word_1_33' title='bbox 1586 360 1722 440; x_wconf 87' lang='lat' dir='ltr'>notavit,</span> <span class='ocrx_word' id='word_1_34' title='bbox 1744 383 1787 429; x_wconf 67' lang='grc' dir='ltr'>η.</span> 
     </span>
     <span class='ocr_line' id='line_1_4' title="bbox 164 426 1289 523; baseline -0.005 -19"><span class='ocrx_word' id='word_1_35' title='bbox 164 440 279 517; x_wconf 79' lang='lat' dir='ltr'>lrnjusm</span> <span class='ocrx_word' id='word_1_36' title='bbox 321 437 331 498; x_wconf 95' lang='lat' dir='ltr'>i</span> <span class='ocrx_word' id='word_1_37' title='bbox 363 451 463 518; x_wconf 83' lang='lat' dir='ltr'>peenas</span> <span class='ocrx_word' id='word_1_38' title='bbox 491 426 624 494; x_wconf 84' lang='lat' dir='ltr'>adversus</span> <span class='ocrx_word' id='word_1_39' title='bbox 655 451 706 494; x_wconf 86' lang='lat' dir='ltr'>eos</span> <span class='ocrx_word' id='word_1_40' title='bbox 735 450 837 494; x_wconf 87' lang='lat' dir='ltr'>omnes</span> <span class='ocrx_word' id='word_1_41' title='bbox 855 447 957 496; x_wconf 82' lang='lat' dir='ltr'>exten·</span> <span class='ocrx_word' id='word_1_42' title='bbox 998 435 1086 511; x_wconf 87' lang='lat' dir='ltr'>jecit,</span> <span class='ocrx_word' id='word_1_43' title='bbox 1108 433 1289 523; x_wconf 84' lang='lat' dir='ltr'>proscripfit.</span> 
     </span>
     <span class='ocr_line' id='line_1_5' title="bbox 167 507 1789 608; baseline 0.002 -28"><span class='ocrx_word' id='word_1_44' title='bbox 167 526 245 608; x_wconf 68' lang='lat' dir='ltr'>dir,</span> <span class='ocrx_word' id='word_1_45' title='bbox 259 519 310 603; x_wconf 87' lang='lat' dir='ltr'>qui</span> <span class='ocrx_word' id='word_1_46' title='bbox 331 515 437 582; x_wconf 90' lang='lat' dir='ltr'>nedum</span> <span class='ocrx_word' id='word_1_47' title='bbox 461 509 605 597; x_wconf 87' lang='lat' dir='ltr'>publice,</span> <span class='ocrx_word' id='word_1_48' title='bbox 636 507 684 575; x_wconf 84' lang='lat' dir='ltr'>sed</span> <span class='ocrx_word' id='word_1_49' title='bbox 703 510 795 575; x_wconf 82' lang='lat' dir='ltr'>etiem</span> <span class='ocrx_word' id='word_1_50' title='bbox 816 511 958 594; x_wconf 81' lang='lat' dir='ltr'>privatim</span> <span class='ocrx_word' id='word_1_51' title='bbox 1041 516 1083 578; x_wconf 86' lang='lat' dir='ltr'>Et</span> <span class='ocrx_word' id='word_1_52' title='bbox 1111 514 1307 579; x_wconf 86' lang='lat' dir='ltr'>nibilominus</span> <span class='ocrx_word' id='word_1_53' title='bbox 1334 514 1492 584; x_wconf 80' lang='lat' dir='ltr'>extiterunt</span> <span class='ocrx_word' id='word_1_54' title='bbox 1530 539 1620 604; x_wconf 86' lang='lat' dir='ltr'>quarn</span> <span class='ocrx_word' id='word_1_55' title='bbox 1654 521 1789 607; x_wconf 85' lang='lat' dir='ltr'>proxime</span> 
     </span>
     <span class='ocr_line' id='line_1_6' title="bbox 164 585 1792 680; baseline -0.003 -9"><span class='ocrx_word' id='word_1_56' title='bbox 164 620 201 671; x_wconf 72' lang='lat' dir='ltr'>ee</span> <span class='ocrx_word' id='word_1_57' title='bbox 222 599 375 677; x_wconf 68' lang='lat' dir='ltr'>canarno„</span> <span class='ocrx_word' id='word_1_58' title='bbox 396 597 504 659; x_wconf 76' lang='lat' dir='ltr'>statuto</span> <span class='ocrx_word' id='word_1_59' title='bbox 523 610 679 678; x_wconf 67' lang='lat' dir='ltr'>tempore,</span> <span class='ocrx_word' id='word_1_60' title='bbox 708 591 740 655; x_wconf 77' lang='lat' dir='ltr'>a</span> <span class='ocrx_word' id='word_1_61' title='bbox 761 591 855 668; x_wconf 74' lang='lat' dir='ltr'>nco,</span> <span class='ocrx_word' id='word_1_62' title='bbox 886 593 958 657; x_wconf 67' lang='lat' dir='ltr'>Mo</span> <span class='ocrx_word' id='word_1_63' title='bbox 1000 595 1172 662; x_wconf 69' lang='lat' dir='ltr'>recensere</span> <span class='ocrx_word' id='word_1_64' title='bbox 1192 596 1263 674; x_wconf 71' lang='lat' dir='ltr'>ant,</span> <span class='ocrx_word' id='word_1_65' title='bbox 1282 596 1335 679; x_wconf 77' lang='lat' dir='ltr'>qut</span> <span class='ocrx_word' id='word_1_66' title='bbox 1356 598 1406 662; x_wconf 68' lang='lat' dir='ltr'>ern</span> <span class='ocrx_word' id='word_1_67' title='bbox 1425 585 1538 678; x_wconf 72' lang='lat' dir='ltr'>auersa,</span> <span class='ocrx_word' id='word_1_68' title='bbox 1570 602 1619 668; x_wconf 77' lang='lat' dir='ltr'>ver</span> <span class='ocrx_word' id='word_1_69' title='bbox 1641 604 1722 680; x_wconf 76' lang='lat' dir='ltr'>ortt,</span> <span class='ocrx_word' id='word_1_70' title='bbox 1742 603 1792 671; x_wconf 78' lang='lat' dir='ltr'>vet</span> 
     </span>
     <span class='ocr_line' id='line_1_7' title="bbox 164 671 1791 762; baseline 0.001 -13"><span class='ocrx_word' id='word_1_71' title='bbox 164 683 355 752; x_wconf 83' lang='lat' dir='ltr'>nomacbiam</span> <span class='ocrx_word' id='word_1_72' title='bbox 377 673 617 750; x_wconf 85' lang='lat' dir='ltr'>commiserint,</span> <span class='ocrx_word' id='word_1_73' title='bbox 652 671 742 737; x_wconf 84' lang='lat' dir='ltr'>etiam</span> <span class='ocrx_word' id='word_1_74' title='bbox 773 672 886 737; x_wconf 88' lang='lat' dir='ltr'>srnulli</span> <span class='ocrx_word' id='word_1_75' title='bbox 909 694 958 757; x_wconf 89' lang='lat' dir='ltr'>pa·</span> <span class='ocrx_word' id='word_1_76' title='bbox 1000 677 1167 752; x_wconf 66' lang='grc' dir='ltr'>νίηάῐέἲτ,</span> <span class='ocrx_word' id='word_1_77' title='bbox 1197 678 1244 742; x_wconf 89' lang='lat' dir='ltr'>vel</span> <span class='ocrx_word' id='word_1_78' title='bbox 1265 677 1385 755; x_wconf 71' lang='lat' dir='ltr'>horroris</span> <span class='ocrx_word' id='word_1_79' title='bbox 1407 680 1506 745; x_wconf 92' lang='lat' dir='ltr'>tuendi</span> <span class='ocrx_word' id='word_1_80' title='bbox 1536 683 1650 762; x_wconf 85' lang='lat' dir='ltr'>causa,</span> <span class='ocrx_word' id='word_1_81' title='bbox 1682 683 1730 750; x_wconf 90' lang='lat' dir='ltr'>vel</span> <span class='ocrx_word' id='word_1_82' title='bbox 1751 686 1791 750; x_wconf 88' lang='lat' dir='ltr'>le·</span> 
     </span>
     <span class='ocr_line' id='line_1_8' title="bbox 163 752 1788 858; baseline 0.001 -29"><span class='ocrx_word' id='word_1_83' title='bbox 163 768 239 840; x_wconf 80' lang='lat' dir='ltr'>trini</span> <span class='ocrx_word' id='word_1_84' title='bbox 261 772 273 841; x_wconf 79' lang='lat'>,&#39;</span> <span class='ocrx_word' id='word_1_85' title='bbox 292 758 401 828; x_wconf 84' lang='lat' dir='ltr'>sociive</span> <span class='ocrx_word' id='word_1_86' title='bbox 420 758 457 822; x_wconf 84' lang='lat' dir='ltr'>ad</span> <span class='ocrx_word' id='word_1_87' title='bbox 478 757 507 821; x_wconf 94' lang='lat' dir='ltr'>id</span> <span class='ocrx_word' id='word_1_88' title='bbox 528 752 626 821; x_wconf 88' lang='lat' dir='ltr'>vocati</span> <span class='ocrx_word' id='word_1_89' title='bbox 657 752 793 832; x_wconf 82' lang='lat' dir='ltr'>luerint,</span> <span class='ocrx_word' id='word_1_90' title='bbox 824 776 877 819; x_wconf 90' lang='lat' dir='ltr'>nec</span> <span class='ocrx_word' id='word_1_91' title='bbox 899 753 960 820; x_wconf 92' lang='lat' dir='ltr'>loci</span> <span class='ocrx_word' id='word_1_92' title='bbox 999 759 1090 824; x_wconf 89' lang='lat' dir='ltr'>vioris</span> <span class='ocrx_word' id='word_1_93' title='bbox 1111 757 1255 821; x_wconf 84' lang='lat' dir='ltr'>momenti</span> <span class='ocrx_word' id='word_1_94' title='bbox 1277 778 1337 833; x_wconf 89' lang='lat' dir='ltr'>res,</span> <span class='ocrx_word' id='word_1_95' title='bbox 1359 759 1542 858; x_wconf 74' lang='lat' dir='ltr'>fortunasque</span> <span class='ocrx_word' id='word_1_96' title='bbox 1561 762 1715 843; x_wconf 81' lang='lat' dir='ltr'>seruandi,</span> <span class='ocrx_word' id='word_1_97' title='bbox 1746 765 1788 831; x_wconf 81' lang='lat' dir='ltr'>fa·</span> 
     </span>
     <span class='ocr_line' id='line_1_9' title="bbox 163 834 1790 926; baseline -0.001 -14"><span class='ocrx_word' id='word_1_98' title='bbox 163 847 306 913; x_wconf 77' lang='lat' dir='ltr'>securitas</span> <span class='ocrx_word' id='word_1_99' title='bbox 335 842 465 916; x_wconf 82' lang='lat' dir='ltr'>habita,</span> <span class='ocrx_word' id='word_1_100' title='bbox 496 837 620 904; x_wconf 78' lang='lat' dir='ltr'>nullave</span> <span class='ocrx_word' id='word_1_101' title='bbox 675 837 865 902; x_wconf 80' lang='lat' dir='ltr'>mvocatoria</span> <span class='ocrx_word' id='word_1_102' title='bbox 894 834 958 901; x_wconf 91' lang='lat' dir='ltr'>lite·</span> <span class='ocrx_word' id='word_1_103' title='bbox 999 857 1117 904; x_wconf 78' lang='lat' dir='ltr'>reantur</span> <span class='ocrx_word' id='word_1_104' title='bbox 1138 837 1266 911; x_wconf 89' lang='lat' dir='ltr'>illicita;</span> <span class='ocrx_word' id='word_1_105' title='bbox 1287 838 1354 902; x_wconf 89' lang='lat' dir='ltr'>aliis</span> <span class='ocrx_word' id='word_1_106' title='bbox 1373 857 1472 907; x_wconf 86' lang='lat' dir='ltr'>tamen</span> <span class='ocrx_word' id='word_1_107' title='bbox 1494 864 1526 904; x_wconf 91' lang='lat' dir='ltr'>rn</span> <span class='ocrx_word' id='word_1_108' title='bbox 1545 844 1790 926; x_wconf 82' lang='lat' dir='ltr'>circumstantiis,</span> 
     </span>
     <span class='ocr_line' id='line_1_10' title="bbox 164 915 1793 1007; baseline 0 -14"><span class='ocrx_word' id='word_1_109' title='bbox 164 950 240 1007; x_wconf 74' lang='lat' dir='ltr'>tac,</span> <span class='ocrx_word' id='word_1_110' title='bbox 273 941 325 992; x_wconf 92' lang='lat' dir='ltr'>aut</span> <span class='ocrx_word' id='word_1_111' title='bbox 364 918 622 990; x_wconf 77' lang='lat' dir='ltr'>denunciationis</span> <span class='ocrx_word' id='word_1_112' title='bbox 648 917 785 982; x_wconf 51' lang='lat' dir='ltr'>¹battnlae</span> <span class='ocrx_word' id='word_1_113' title='bbox 823 915 963 1002; x_wconf 77' lang='lat' dir='ltr'>pracesse-</span> <span class='ocrx_word' id='word_1_114' title='bbox 1003 923 1035 985; x_wconf 78' lang='grc' dir='ltr'>δι</span> <span class='ocrx_word' id='word_1_115' title='bbox 1056 919 1184 997; x_wconf 75' lang='lat' dir='ltr'>salbus,</span> <span class='ocrx_word' id='word_1_116' title='bbox 1204 918 1252 985; x_wconf 87' lang='lat' dir='ltr'>vel</span> <span class='ocrx_word' id='word_1_117' title='bbox 1274 919 1429 986; x_wconf 91' lang='lat' dir='ltr'>amittendi</span> <span class='ocrx_word' id='word_1_118' title='bbox 1448 920 1566 1000; x_wconf 86' lang='lat' dir='ltr'>officii,</span> <span class='ocrx_word' id='word_1_119' title='bbox 1597 926 1628 989; x_wconf 77' lang='lat' dir='ltr'>dc</span> <span class='ocrx_word' id='word_1_120' title='bbox 1658 923 1793 992; x_wconf 85' lang='lat' dir='ltr'>sustenta·</span> 
     </span>
     <span class='ocr_line' id='line_1_11' title="bbox 164 999 1794 1086; baseline -0.001 -12"><span class='ocrx_word' id='word_1_121' title='bbox 164 1011 255 1075; x_wconf 57' lang='lat' dir='ltr'>riuti</span> <span class='ocrx_word' id='word_1_122' title='bbox 486 1031 488 1037; x_wconf 94' lang='lat'>·</span> <span class='ocrx_word' id='word_1_123' title='bbox 734 1012 736 1015; x_wconf 79' lang='grc'>’</span> <span class='ocrx_word' id='word_1_124' title='bbox 838 1016 844 1025; x_wconf 81' lang='grc'>’</span> <span class='ocrx_word' id='word_1_125' title='bbox 1003 1002 1126 1076; x_wconf 89' lang='lat' dir='ltr'>tionis,</span> <span class='ocrx_word' id='word_1_126' title='bbox 1157 1000 1205 1066; x_wconf 89' lang='lat' dir='ltr'>vel</span> <span class='ocrx_word' id='word_1_127' title='bbox 1235 999 1381 1084; x_wconf 75' lang='lat' dir='ltr'>denegata</span> <span class='ocrx_word' id='word_1_128' title='bbox 1399 1000 1449 1064; x_wconf 82' lang='lat' dir='ltr'>sibi</span> <span class='ocrx_word' id='word_1_129' title='bbox 1483 1003 1696 1086; x_wconf 83' lang='lat' dir='ltr'>aMagillratu</span> <span class='ocrx_word' id='word_1_130' title='bbox 1716 1008 1794 1081; x_wconf 82' lang='lat' dir='ltr'>inlli-</span> 
     </span>
     <span class='ocr_line' id='line_1_12' title="bbox 214 1078 1795 1173; baseline -0.002 -18"><span class='ocrx_word' id='word_1_131' title='bbox 214 1090 348 1173; x_wconf 89' lang='lat' dir='ltr'>Denique</span> <span class='ocrx_word' id='word_1_132' title='bbox 367 1084 460 1151; x_wconf 80' lang='lat' dir='ltr'>felicis</span> <span class='ocrx_word' id='word_1_133' title='bbox 490 1079 701 1147; x_wconf 88' lang='lat' dir='ltr'>recordationis</span> <span class='ocrx_word' id='word_1_134' title='bbox 727 1079 864 1145; x_wconf 87' lang='lat' dir='ltr'>Clemens</span> <span class='ocrx_word' id='word_1_135' title='bbox 884 1081 967 1163; x_wconf 82' lang='lat' dir='ltr'>Papa</span> <span class='ocrx_word' id='word_1_136' title='bbox 1006 1082 1071 1155; x_wconf 87' lang='lat' dir='ltr'>tiae,</span> <span class='ocrx_word' id='word_1_137' title='bbox 1094 1078 1271 1145; x_wconf 82' lang='lat' dir='ltr'>Desenfionis</span> <span class='ocrx_word' id='word_1_138' title='bbox 1292 1081 1420 1147; x_wconf 73' lang='lat' dir='ltr'>innoxia</span> <span class='ocrx_word' id='word_1_139' title='bbox 1435 1081 1546 1160; x_wconf 87' lang='lat' dir='ltr'>titulo,</span> <span class='ocrx_word' id='word_1_140' title='bbox 1567 1106 1601 1150; x_wconf 91' lang='lat' dir='ltr'>ea</span> <span class='ocrx_word' id='word_1_141' title='bbox 1622 1084 1709 1150; x_wconf 84' lang='lat' dir='ltr'>licere</span> <span class='ocrx_word' id='word_1_142' title='bbox 1729 1108 1795 1171; x_wconf 92' lang='lat' dir='ltr'>pro-</span> 
     </span>
     <span class='ocr_line' id='line_1_13' title="bbox 167 1159 1798 1251; baseline -0.001 -16"><span class='ocrx_word' id='word_1_143' title='bbox 167 1173 267 1236; x_wconf 84' lang='lat' dir='ltr'>vltr.</span> <span class='ocrx_word' id='word_1_144' title='bbox 288 1172 377 1232; x_wconf 87' lang='lat' dir='ltr'>etiem</span> <span class='ocrx_word' id='word_1_145' title='bbox 398 1164 582 1228; x_wconf 83' lang='lat' dir='ltr'>Prtcde&#39;cessor</span> <span class='ocrx_word' id='word_1_146' title='bbox 611 1161 745 1236; x_wconf 81' lang='lat' dir='ltr'>Noster,</span> <span class='ocrx_word' id='word_1_147' title='bbox 779 1160 968 1245; x_wconf 82' lang='lat' dir='ltr'>Apostolicas</span> <span class='ocrx_word' id='word_1_148' title='bbox 1005 1159 1168 1224; x_wconf 80' lang='lat' dir='ltr'>nunciant.</span> <span class='ocrx_word' id='word_1_149' title='bbox 1189 1162 1299 1236; x_wconf 76' lang='lat' dir='ltr'>Lares,</span> <span class='ocrx_word' id='word_1_150' title='bbox 1323 1163 1495 1246; x_wconf 85' lang='lat' dir='ltr'>&amp;periculi</span> <span class='ocrx_word' id='word_1_151' title='bbox 1516 1165 1615 1249; x_wconf 89' lang='lat' dir='ltr'>plenas</span> <span class='ocrx_word' id='word_1_152' title='bbox 1643 1165 1798 1251; x_wconf 81' lang='lat' dir='ltr'>opiniones</span> 
     </span>
     <span class='ocr_line' id='line_1_14' title="bbox 169 1240 1797 1324; baseline -0.001 -8"><span class='ocrx_word' id='word_1_153' title='bbox 169 1254 376 1316; x_wconf 88' lang='lat' dir='ltr'>Romanorum</span> <span class='ocrx_word' id='word_1_154' title='bbox 397 1262 465 1307; x_wconf 91' lang='lat' dir='ltr'>ante</span> <span class='ocrx_word' id='word_1_155' title='bbox 486 1241 514 1306; x_wconf 89' lang='lat' dir='ltr'>se</span> <span class='ocrx_word' id='word_1_156' title='bbox 535 1242 714 1307; x_wconf 78' lang='lat' dir='ltr'>Pontificum</span> <span class='ocrx_word' id='word_1_157' title='bbox 742 1242 825 1324; x_wconf 74' lang='lat' dir='ltr'>leges.</span> <span class='ocrx_word' id='word_1_158' title='bbox 839 1262 965 1319; x_wconf 85' lang='lat' dir='ltr'>ornnes,</span> <span class='ocrx_word' id='word_1_159' title='bbox 1005 1240 1203 1319; x_wconf 85' lang='lat' dir='ltr'>hujusmodi,</span> <span class='ocrx_word' id='word_1_160' title='bbox 1232 1263 1266 1306; x_wconf 85' lang='lat' dir='ltr'>ex</span> <span class='ocrx_word' id='word_1_161' title='bbox 1296 1243 1425 1324; x_wconf 83' lang='lat' dir='ltr'>vulgatis</span> <span class='ocrx_word' id='word_1_162' title='bbox 1454 1266 1555 1310; x_wconf 89' lang='lat' dir='ltr'>eorum</span> <span class='ocrx_word' id='word_1_163' title='bbox 1576 1246 1656 1312; x_wconf 86' lang='lat' dir='ltr'>libris</span> <span class='ocrx_word' id='word_1_164' title='bbox 1685 1248 1721 1311; x_wconf 81' lang='lat' dir='ltr'>ad</span> <span class='ocrx_word' id='word_1_165' title='bbox 1740 1271 1797 1316; x_wconf 83' lang='lat' dir='ltr'>nos</span> 
     </span>
     <span class='ocr_line' id='line_1_15' title="bbox 168 1311 1795 1418; baseline 0.003 -29"><span class='ocrx_word' id='word_1_166' title='bbox 168 1332 324 1414; x_wconf 76' lang='lat' dir='ltr'>&amp;peenas</span> <span class='ocrx_word' id='word_1_167' title='bbox 345 1326 376 1387; x_wconf 93' lang='lat' dir='ltr'>in</span> <span class='ocrx_word' id='word_1_168' title='bbox 397 1325 439 1390; x_wconf 85' lang='lat' dir='ltr'>eis</span> <span class='ocrx_word' id='word_1_169' title='bbox 456 1325 606 1414; x_wconf 78' lang='lat' dir='ltr'>statutas,</span> <span class='ocrx_word' id='word_1_170' title='bbox 635 1322 687 1387; x_wconf 85' lang='lat' dir='ltr'>sua</span> <span class='ocrx_word' id='word_1_171' title='bbox 703 1316 968 1411; x_wconf 64' lang='lat' dir='ltr'>Constitutione,</span> <span class='ocrx_word' id='word_1_172' title='bbox 1005 1311 1134 1399; x_wconf 86' lang='lat' dir='ltr'>delatas,</span> <span class='ocrx_word' id='word_1_173' title='bbox 1155 1322 1205 1386; x_wconf 89' lang='lat' dir='ltr'>nbi</span> <span class='ocrx_word' id='word_1_174' title='bbox 1222 1321 1357 1418; x_wconf 85' lang='lat' dir='ltr'>primunt</span> <span class='ocrx_word' id='word_1_175' title='bbox 1379 1323 1572 1406; x_wconf 85' lang='lat' dir='ltr'>accepimus,</span> <span class='ocrx_word' id='word_1_176' title='bbox 1603 1349 1701 1393; x_wconf 86' lang='lat' dir='ltr'>eatunr</span> <span class='ocrx_word' id='word_1_177' title='bbox 1730 1352 1795 1394; x_wconf 84' lang='lat' dir='ltr'>exa·</span> 
     </span>
     <span class='ocr_line' id='line_1_16' title="bbox 190 1402 1797 1493; baseline 0.001 -18"><span class='ocrx_word' id='word_1_178' title='bbox 190 1431 236 1475; x_wconf 84' lang='lat' dir='ltr'>nac</span> <span class='ocrx_word' id='word_1_179' title='bbox 259 1408 392 1493; x_wconf 84' lang='lat' dir='ltr'>incipit:</span> <span class='ocrx_word' id='word_1_180' title='bbox 424 1407 506 1468; x_wconf 76' lang='lat' dir='ltr'>silias</span> <span class='ocrx_word' id='word_1_181' title='bbox 535 1410 642 1481; x_wconf 67' lang='lat' dir='ltr'>maes,</span> <span class='ocrx_word' id='word_1_182' title='bbox 674 1402 744 1467; x_wconf 85' lang='lat' dir='ltr'>data</span> <span class='ocrx_word' id='word_1_183' title='bbox 763 1426 838 1468; x_wconf 76' lang='lat' dir='ltr'>rvr.</span> <span class='ocrx_word' id='word_1_184' title='bbox 857 1403 966 1466; x_wconf 80' lang='lat' dir='ltr'>Kalen.</span> <span class='ocrx_word' id='word_1_185' title='bbox 1007 1426 1077 1469; x_wconf 87' lang='lat' dir='ltr'>rnen</span> <span class='ocrx_word' id='word_1_186' title='bbox 1098 1402 1247 1472; x_wconf 76' lang='lat' dir='ltr'>nonnulle</span> <span class='ocrx_word' id='word_1_187' title='bbox 1265 1426 1299 1469; x_wconf 86' lang='lat' dir='ltr'>err</span> <span class='ocrx_word' id='word_1_188' title='bbox 1319 1403 1542 1470; x_wconf 79' lang='lat' dir='ltr'>venerabilibus</span> <span class='ocrx_word' id='word_1_189' title='bbox 1560 1410 1710 1474; x_wconf 78' lang='lat' dir='ltr'>Fratribus</span> <span class='ocrx_word' id='word_1_190' title='bbox 1732 1415 1797 1478; x_wconf 93' lang='lat' dir='ltr'>No·</span> 
     </span>
     <span class='ocr_line' id='line_1_17' title="bbox 168 1433 1800 1575; baseline -0.002 -18"><span class='ocrx_word' id='word_1_191' title='bbox 168 1433 321 1575; x_wconf 56' lang='lat' dir='ltr'>depremb.</span> <span class='ocrx_word' id='word_1_192' title='bbox 342 1509 420 1552; x_wconf 88' lang='lat' dir='ltr'>anno</span> <span class='ocrx_word' id='word_1_193' title='bbox 441 1483 738 1551; x_wconf 66' lang='lat' dir='ltr'>inunctionem</span> <span class='ocrx_word' id='word_1_194' title='bbox 767 1486 967 1569; x_wconf 82' lang='lat' dir='ltr'>completas,</span> <span class='ocrx_word' id='word_1_195' title='bbox 1008 1487 1070 1549; x_wconf 81' lang='lat' dir='ltr'>sitis</span> <span class='ocrx_word' id='word_1_196' title='bbox 1091 1485 1122 1548; x_wconf 86' lang='lat' dir='ltr'>S.</span> <span class='ocrx_word' id='word_1_197' title='bbox 1144 1486 1182 1548; x_wconf 89' lang='lat' dir='ltr'>R.</span> <span class='ocrx_word' id='word_1_198' title='bbox 1205 1486 1243 1548; x_wconf 87' lang='grc' dir='ltr'>Ε.</span> <span class='ocrx_word' id='word_1_199' title='bbox 1264 1483 1482 1561; x_wconf 81' lang='lat' dir='ltr'>cardinalibus,</span> <span class='ocrx_word' id='word_1_200' title='bbox 1503 1487 1535 1550; x_wconf 74' lang='lat' dir='ltr'>bc</span> <span class='ocrx_word' id='word_1_201' title='bbox 1566 1485 1734 1570; x_wconf 84' lang='lat' dir='ltr'>quibusdam</span> <span class='ocrx_word' id='word_1_202' title='bbox 1755 1491 1800 1553; x_wconf 93' lang='lat' dir='ltr'>di·</span> 
     </span>
     <span class='ocr_line' id='line_1_18' title="bbox 171 1563 1798 1655; baseline -0.002 -16"><span class='ocrx_word' id='word_1_203' title='bbox 171 1575 285 1639; x_wconf 82' lang='lat' dir='ltr'>easdem</span> <span class='ocrx_word' id='word_1_204' title='bbox 308 1569 441 1635; x_wconf 80' lang='lat' dir='ltr'>extendit</span> <span class='ocrx_word' id='word_1_205' title='bbox 469 1569 505 1633; x_wconf 83' lang='lat' dir='ltr'>ad</span> <span class='ocrx_word' id='word_1_206' title='bbox 534 1588 638 1631; x_wconf 86' lang='lat' dir='ltr'>ornnes</span> <span class='ocrx_word' id='word_1_207' title='bbox 664 1586 725 1630; x_wconf 90' lang='lat' dir='ltr'>non</span> <span class='ocrx_word' id='word_1_208' title='bbox 754 1563 848 1630; x_wconf 89' lang='lat' dir='ltr'>solum</span> <span class='ocrx_word' id='word_1_209' title='bbox 868 1565 967 1630; x_wconf 84' lang='lat' dir='ltr'>duello</span> <span class='ocrx_word' id='word_1_210' title='bbox 1007 1566 1088 1631; x_wconf 78' lang='lat' dir='ltr'>leuis</span> <span class='ocrx_word' id='word_1_211' title='bbox 1108 1564 1195 1630; x_wconf 87' lang='lat' dir='ltr'>Filiis</span> <span class='ocrx_word' id='word_1_212' title='bbox 1215 1566 1308 1630; x_wconf 78' lang='lat' dir='ltr'>Sacra</span> <span class='ocrx_word' id='word_1_213' title='bbox 1325 1564 1498 1650; x_wconf 78' lang='lat' dir='ltr'>Tbeologiat</span> <span class='ocrx_word' id='word_1_214' title='bbox 1516 1567 1666 1650; x_wconf 75' lang='lat' dir='ltr'>Magisttis</span> <span class='ocrx_word' id='word_1_215' title='bbox 1693 1570 1798 1655; x_wconf 84' lang='lat' dir='ltr'>specia-</span> 
     </span>
     <span class='ocr_line' id='line_1_19' title="bbox 168 1643 1797 1732; baseline -0.002 -12"><span class='ocrx_word' id='word_1_216' title='bbox 168 1650 402 1729; x_wconf 68' lang='lat' dir='ltr'>certantes,‘sed</span> <span class='ocrx_word' id='word_1_217' title='bbox 422 1650 754 1732; x_wconf 55' lang='lat' dir='ltr'>etiam&#39;2ptitvocantes,</span> <span class='ocrx_word' id='word_1_218' title='bbox 786 1643 968 1723; x_wconf 85' lang='lat' dir='ltr'>suadentes,</span> <span class='ocrx_word' id='word_1_219' title='bbox 1007 1646 1129 1712; x_wconf 82' lang='lat' dir='ltr'>litetad</span> <span class='ocrx_word' id='word_1_220' title='bbox 1151 1647 1180 1709; x_wconf 92' lang='lat' dir='ltr'>id</span> <span class='ocrx_word' id='word_1_221' title='bbox 1201 1668 1325 1731; x_wconf 82' lang='lat' dir='ltr'>pennos</span> <span class='ocrx_word' id='word_1_222' title='bbox 1356 1647 1539 1731; x_wconf 89' lang='lat' dir='ltr'>Deputatis,</span> <span class='ocrx_word' id='word_1_223' title='bbox 1569 1651 1797 1730; x_wconf 81' lang='lat' dir='ltr'>commisimus,</span> 
     </span>
     <span class='ocr_line' id='line_1_20' title="bbox 167 1726 1800 1818; baseline -0.002 -17"><span class='ocrx_word' id='word_1_224' title='bbox 167 1757 292 1818; x_wconf 90' lang='lat' dir='ltr'>equos,</span> <span class='ocrx_word' id='word_1_225' title='bbox 313 1753 426 1809; x_wconf 87' lang='lat' dir='ltr'>arma,</span> <span class='ocrx_word' id='word_1_226' title='bbox 455 1746 639 1798; x_wconf 87' lang='lat' dir='ltr'>commeatus</span> <span class='ocrx_word' id='word_1_227' title='bbox 667 1728 823 1813; x_wconf 70' lang='lat' dir='ltr'>prebentes</span> <span class='ocrx_word' id='word_1_228' title='bbox 843 1773 854 1807; x_wconf 94' lang='lat'>,</span> <span class='ocrx_word' id='word_1_229' title='bbox 875 1728 967 1794; x_wconf 88' lang='lat' dir='ltr'>comi·</span> <span class='ocrx_word' id='word_1_230' title='bbox 1007 1731 1059 1812; x_wconf 91' lang='lat' dir='ltr'>qui</span> <span class='ocrx_word' id='word_1_231' title='bbox 1081 1751 1110 1793; x_wconf 89' lang='lat' dir='ltr'>re</span> <span class='ocrx_word' id='word_1_232' title='bbox 1130 1745 1247 1793; x_wconf 87' lang='lat' dir='ltr'>mature</span> <span class='ocrx_word' id='word_1_233' title='bbox 1265 1726 1398 1804; x_wconf 85' lang='lat' dir='ltr'>discussa,</span> <span class='ocrx_word' id='word_1_234' title='bbox 1421 1728 1490 1793; x_wconf 86' lang='lat' dir='ltr'>latis</span> <span class='ocrx_word' id='word_1_235' title='bbox 1509 1750 1607 1794; x_wconf 88' lang='lat' dir='ltr'>coram</span> <span class='ocrx_word' id='word_1_236' title='bbox 1623 1731 1720 1795; x_wconf 82' lang='lat' dir='ltr'>Nobis</span> <span class='ocrx_word' id='word_1_237' title='bbox 1732 1748 1800 1798; x_wconf 89' lang='lat' dir='ltr'>tum</span> 
     </span>
     <span class='ocr_line' id='line_1_21' title="bbox 164 1807 1794 1896; baseline -0.005 -12"><span class='ocrx_word' id='word_1_238' title='bbox 164 1834 287 1892; x_wconf 82' lang='lat' dir='ltr'>tentes,</span> <span class='ocrx_word' id='word_1_239' title='bbox 308 1814 472 1890; x_wconf 81' lang='lat' dir='ltr'>chartulas,</span> <span class='ocrx_word' id='word_1_240' title='bbox 495 1811 609 1876; x_wconf 84' lang='lat' dir='ltr'>libellos</span> <span class='ocrx_word' id='word_1_241' title='bbox 625 1857 635 1889; x_wconf 90' lang='lat'>,</span> <span class='ocrx_word' id='word_1_242' title='bbox 649 1808 818 1875; x_wconf 80' lang='lat' dir='ltr'>:manifesta</span> <span class='ocrx_word' id='word_1_243' title='bbox 846 1811 967 1875; x_wconf 86' lang='lat' dir='ltr'>mitten·</span> <span class='ocrx_word' id='word_1_244' title='bbox 1009 1832 1105 1885; x_wconf 83' lang='lat' dir='ltr'>voce,</span> <span class='ocrx_word' id='word_1_245' title='bbox 1123 1830 1191 1873; x_wconf 87' lang='lat' dir='ltr'>cunt</span> <span class='ocrx_word' id='word_1_246' title='bbox 1205 1808 1313 1893; x_wconf 84' lang='lat' dir='ltr'>scripto</span> <span class='ocrx_word' id='word_1_247' title='bbox 1332 1807 1490 1892; x_wconf 82' lang='lat' dir='ltr'>suffragiis,</span> <span class='ocrx_word' id='word_1_248' title='bbox 1514 1809 1707 1896; x_wconf 74' lang='lat' dir='ltr'>infrascriptos</span> <span class='ocrx_word' id='word_1_249' title='bbox 1726 1833 1794 1895; x_wconf 92' lang='lat' dir='ltr'>pto·</span> 
     </span>
     <span class='ocr_line' id='line_1_22' title="bbox 163 1889 1800 1983; baseline -0.004 -18"><span class='ocrx_word' id='word_1_250' title='bbox 163 1915 235 1977; x_wconf 67' lang='lat' dir='ltr'>tm,</span> <span class='ocrx_word' id='word_1_251' title='bbox 259 1897 430 1972; x_wconf 84' lang='lat' dir='ltr'>scribentes,</span> <span class='ocrx_word' id='word_1_252' title='bbox 450 1895 498 1959; x_wconf 87' lang='lat' dir='ltr'>vel</span> <span class='ocrx_word' id='word_1_253' title='bbox 519 1892 736 1981; x_wconf 80' lang='lat' dir='ltr'>divulgantes,</span> <span class='ocrx_word' id='word_1_254' title='bbox 759 1909 811 1957; x_wconf 89' lang='lat' dir='ltr'>ant</span> <span class='ocrx_word' id='word_1_255' title='bbox 835 1913 968 1976; x_wconf 79' lang='lat' dir='ltr'>quomo·</span> <span class='ocrx_word' id='word_1_256' title='bbox 1008 1891 1168 1975; x_wconf 87' lang='lat' dir='ltr'>posrtiones</span> <span class='ocrx_word' id='word_1_257' title='bbox 1185 1889 1320 1972; x_wconf 83' lang='lat' dir='ltr'>censura,</span> <span class='ocrx_word' id='word_1_258' title='bbox 1338 1891 1369 1956; x_wconf 76' lang='grc' dir='ltr'>δι</span> <span class='ocrx_word' id='word_1_259' title='bbox 1387 1890 1595 1979; x_wconf 87' lang='lat' dir='ltr'>proscriptione</span> <span class='ocrx_word' id='word_1_260' title='bbox 1606 1893 1718 1983; x_wconf 67' lang='lat' dir='ltr'>xdignas</span> <span class='ocrx_word' id='word_1_261' title='bbox 1737 1892 1800 1959; x_wconf 76' lang='lat' dir='ltr'>eni·</span> 
     </span>
     <span class='ocr_line' id='line_1_23' title="bbox 162 1974 1185 2060; baseline -0.01 -14"><span class='ocrx_word' id='word_1_262' title='bbox 162 1980 285 2046; x_wconf 89' lang='lat' dir='ltr'>dolibet</span> <span class='ocrx_word' id='word_1_263' title='bbox 306 1977 385 2042; x_wconf 88' lang='lat' dir='ltr'>circa</span> <span class='ocrx_word' id='word_1_264' title='bbox 405 1976 457 2040; x_wconf 87' lang='lat' dir='ltr'>ista</span> <span class='ocrx_word' id='word_1_265' title='bbox 476 1993 692 2060; x_wconf 85' lang='lat' dir='ltr'>cooperantes,</span> <span class='ocrx_word' id='word_1_266' title='bbox 714 1976 845 2050; x_wconf 87' lang='lat' dir='ltr'>Socios,</span> <span class='ocrx_word' id='word_1_267' title='bbox 873 1974 969 2037; x_wconf 78' lang='lat' dir='ltr'>Patri·</span> <span class='ocrx_word' id='word_1_268' title='bbox 1008 1974 1185 2041; x_wconf 76' lang='lat' dir='ltr'>uiuerent.</span> 
     </span>
     <span class='ocr_line' id='line_1_24' title="bbox 163 2054 967 2141; baseline -0.012 -14"><span class='ocrx_word' id='word_1_269' title='bbox 163 2083 247 2137; x_wconf 82' lang='lat' dir='ltr'>nos,</span> <span class='ocrx_word' id='word_1_270' title='bbox 269 2061 303 2124; x_wconf 89' lang='lat' dir='ltr'>de</span> <span class='ocrx_word' id='word_1_271' title='bbox 325 2058 467 2124; x_wconf 81' lang='lat' dir='ltr'>industria</span> <span class='ocrx_word' id='word_1_272' title='bbox 489 2055 690 2141; x_wconf 76' lang='lat' dir='ltr'>speslatores,</span> <span class='ocrx_word' id='word_1_273' title='bbox 725 2054 882 2133; x_wconf 85' lang='lat' dir='ltr'>fautores,</span> <span class='ocrx_word' id='word_1_274' title='bbox 911 2055 967 2119; x_wconf 90' lang='lat' dir='ltr'>cti-</span> 
     </span>
     <span class='ocr_line' id='line_1_25' title="bbox 163 2137 1549 2224; baseline -0.001 -18"><span class='ocrx_word' id='word_1_275' title='bbox 163 2144 265 2206; x_wconf 87' lang='lat' dir='ltr'>rn‘tnis</span> <span class='ocrx_word' id='word_1_276' title='bbox 285 2143 405 2206; x_wconf 81' lang='lat' dir='ltr'>demum</span> <span class='ocrx_word' id='word_1_277' title='bbox 426 2140 580 2224; x_wconf 84' lang='lat' dir='ltr'>participes</span> <span class='ocrx_word' id='word_1_278' title='bbox 600 2144 621 2217; x_wconf 73' lang='lat'>‚&#39;</span> <span class='ocrx_word' id='word_1_279' title='bbox 646 2137 776 2220; x_wconf 89' lang='lat' dir='ltr'>illudque</span> <span class='ocrx_word' id='word_1_280' title='bbox 794 2137 968 2222; x_wconf 86' lang='lat' dir='ltr'>permitten·</span> <span class='ocrx_word' id='word_1_281' title='bbox 1261 2137 1360 2200; x_wconf 85' lang='lat' dir='ltr'>Prima</span> <span class='ocrx_word' id='word_1_282' title='bbox 1380 2139 1549 2223; x_wconf 78' lang='lat' dir='ltr'>Propofitio.</span> 
     </span>
     <span class='ocr_line' id='line_1_26' title="bbox 163 2219 1345 2363; baseline -0.006 -73"><span class='ocrx_word' id='word_1_283' title='bbox 163 2242 248 2299; x_wconf 89' lang='lat' dir='ltr'>tes,</span> <span class='ocrx_word' id='word_1_284' title='bbox 279 2223 358 2300; x_wconf 85' lang='lat' dir='ltr'>vel,</span> <span class='ocrx_word' id='word_1_285' title='bbox 388 2238 532 2363; x_wconf 63' lang='lat' dir='ltr'>‹puantum</span> <span class='ocrx_word' id='word_1_286' title='bbox 553 2221 583 2283; x_wconf 91' lang='lat' dir='ltr'>in</span> <span class='ocrx_word' id='word_1_287' title='bbox 603 2220 671 2302; x_wconf 78' lang='lat' dir='ltr'>ipss</span> <span class='ocrx_word' id='word_1_288' title='bbox 689 2220 762 2296; x_wconf 86' lang='lat' dir='ltr'>est,</span> <span class='ocrx_word' id='word_1_289' title='bbox 789 2241 849 2283; x_wconf 90' lang='lat' dir='ltr'>non</span> <span class='ocrx_word' id='word_1_290' title='bbox 870 2219 969 2303; x_wconf 90' lang='lat' dir='ltr'>probi·</span> <span class='ocrx_word' id='word_1_291' title='bbox 1340 2276 1345 2283; x_wconf 89' lang='grc'>.</span> 
     </span>
     <span class='ocr_line' id='line_1_27' title="bbox 167 2297 1799 2388; baseline -0.002 -16"><span class='ocrx_word' id='word_1_292' title='bbox 167 2306 296 2379; x_wconf 85' lang='lat' dir='ltr'>bentes,</span> <span class='ocrx_word' id='word_1_293' title='bbox 316 2325 350 2365; x_wconf 89' lang='lat' dir='ltr'>ac</span> <span class='ocrx_word' id='word_1_294' title='bbox 369 2304 403 2365; x_wconf 88' lang='lat' dir='ltr'>de</span> <span class='ocrx_word' id='word_1_295' title='bbox 416 2301 602 2384; x_wconf 89' lang='lat' dir='ltr'>inquentibus</span> <span class='ocrx_word' id='word_1_296' title='bbox 620 2301 760 2375; x_wconf 58' lang='lat' dir='ltr'>venam,</span> <span class='ocrx_word' id='word_1_297' title='bbox 781 2301 812 2363; x_wconf 78' lang='grc' dir='ltr'>δι</span> <span class='ocrx_word' id='word_1_298' title='bbox 841 2300 971 2384; x_wconf 87' lang='lat' dir='ltr'>impuni-</span> <span class='ocrx_word' id='word_1_299' title='bbox 1049 2299 1110 2365; x_wconf 89' lang='lat' dir='ltr'>Vir</span> <span class='ocrx_word' id='word_1_300' title='bbox 1129 2297 1283 2378; x_wconf 87' lang='lat' dir='ltr'>militaris,</span> <span class='ocrx_word' id='word_1_301' title='bbox 1304 2297 1356 2386; x_wconf 92' lang='lat' dir='ltr'>qui</span> <span class='ocrx_word' id='word_1_302' title='bbox 1378 2301 1429 2364; x_wconf 88' lang='lat' dir='ltr'>nisr</span> <span class='ocrx_word' id='word_1_303' title='bbox 1450 2299 1576 2378; x_wconf 79' lang='lat' dir='ltr'>offerat,</span> <span class='ocrx_word' id='word_1_304' title='bbox 1596 2300 1643 2367; x_wconf 86' lang='lat' dir='ltr'>vel</span> <span class='ocrx_word' id='word_1_305' title='bbox 1666 2319 1799 2388; x_wconf 84' lang='lat' dir='ltr'>acceptet</span> 
     </span>
     <span class='ocr_line' id='line_1_28' title="bbox 170 2379 1798 2463; baseline -0.001 -12"><span class='ocrx_word' id='word_1_306' title='bbox 170 2401 272 2451; x_wconf 86' lang='lat' dir='ltr'>tatem</span> <span class='ocrx_word' id='word_1_307' title='bbox 295 2381 509 2457; x_wconf 88' lang='lat' dir='ltr'>concedentes,</span> <span class='ocrx_word' id='word_1_308' title='bbox 539 2381 649 2463; x_wconf 82' lang='lat' dir='ltr'>quique</span> <span class='ocrx_word' id='word_1_309' title='bbox 680 2379 707 2444; x_wconf 90' lang='lat' dir='ltr'>se</span> <span class='ocrx_word' id='word_1_310' title='bbox 760 2379 878 2442; x_wconf 72' lang='lat' dir='ltr'>radiiiis</span> <span class='ocrx_word' id='word_1_311' title='bbox 896 2401 970 2463; x_wconf 69' lang='lat' dir='ltr'>quo«</span> <span class='ocrx_word' id='word_1_312' title='bbox 1010 2380 1170 2461; x_wconf 85' lang='lat' dir='ltr'>duellum,</span> <span class='ocrx_word' id='word_1_313' title='bbox 1200 2399 1352 2463; x_wconf 83' lang='lat' dir='ltr'>tamquam</span> <span class='ocrx_word' id='word_1_314' title='bbox 1382 2379 1613 2457; x_wconf 81' lang='lat' dir='ltr'>formidolosus,</span> <span class='ocrx_word' id='word_1_315' title='bbox 1644 2384 1798 2462; x_wconf 85' lang='lat' dir='ltr'>timidus,</span> 
     </span>
     <span class='ocr_line' id='line_1_29' title="bbox 168 2401 1799 2629; baseline -0.002 -19"><span class='ocrx_word' id='word_1_316' title='bbox 168 2401 887 2629; x_wconf 52' lang='lat' dir='ltr'>qffmsslbilllilt‘i‘alsilliaiqli</span> <span class='ocrx_word' id='word_1_317' title='bbox 919 2498 970 2606; x_wconf 71' lang='lat' dir='ltr'>a·</span> <span class='ocrx_word' id='word_1_318' title='bbox 1011 2460 1380 2626; x_wconf 59' lang='lat' dir='ltr'>llrltrnsrlni</span> <span class='ocrx_word' id='word_1_319' title='bbox 1399 2460 1542 2624; x_wconf 60' lang='lat' dir='ltr'>lilii</span> <span class='ocrx_word' id='word_1_320' title='bbox 1557 2462 1684 2625; x_wconf 57' lang='lat' dir='ltr'>lulli?</span> <span class='ocrx_word' id='word_1_321' title='bbox 1698 2463 1799 2607; x_wconf 67' lang='lat' dir='ltr'>nt</span> 
     </span>
     <span class='ocr_line' id='line_1_30' title="bbox 958 2579 1801 2619; baseline -0.002 -23"><span class='ocrx_word' id='word_1_322' title='bbox 958 2580 971 2596; x_wconf 87' lang='lat'><strong><em>.</em></strong></span> <span class='ocrx_word' id='word_1_323' title='bbox 1380 2587 1392 2619; x_wconf 74' lang='lat'>‚</span> <span class='ocrx_word' id='word_1_324' title='bbox 1788 2579 1801 2594; x_wconf 85' lang='lat'><strong>.</strong></span> 
     </span>
     <span class='ocr_line' id='line_1_31' title="bbox 230 2590 1897 2711; baseline -0.003 -18"><span class='ocrx_word' id='word_1_325' title='bbox 230 2646 332 2694; x_wconf 85' lang='lat' dir='ltr'>nutus.</span> <span class='ocrx_word' id='word_1_326' title='bbox 384 2590 394 2624; x_wconf 65' lang='grc'><strong>’</strong></span> <span class='ocrx_word' id='word_1_327' title='bbox 505 2651 507 2658; x_wconf 62' lang='lat'><em>&#39;</em></span> <span class='ocrx_word' id='word_1_328' title='bbox 1011 2644 1076 2703; x_wconf 91' lang='lat' dir='ltr'>tat,</span> <span class='ocrx_word' id='word_1_329' title='bbox 1098 2591 1291 2711; x_wconf 71' lang='lat' dir='ltr'>privaretur,</span> <span class='ocrx_word' id='word_1_330' title='bbox 1320 2624 1367 2690; x_wconf 89' lang='lat' dir='ltr'>vel</span> <span class='ocrx_word' id='word_1_331' title='bbox 1390 2621 1618 2707; x_wconf 88' lang='lat' dir='ltr'>promotionis,</span> <span class='ocrx_word' id='word_1_332' title='bbox 1648 2624 1720 2689; x_wconf 87' lang='lat' dir='ltr'>alias</span> <span class='ocrx_word' id='word_1_333' title='bbox 1750 2624 1801 2689; x_wconf 82' lang='lat' dir='ltr'>srbi</span> <span class='ocrx_word' id='word_1_334' title='bbox 1890 2653 1897 2662; x_wconf 86' lang='lat'><em>·</em></span> 
     </span>
     <span class='ocr_line' id='line_1_32' title="bbox 252 2702 1801 2795; baseline -0.001 -23"><span class='ocrx_word' id='word_1_335' title='bbox 252 2711 278 2774; x_wconf 90' lang='lat' dir='ltr'>is</span> <span class='ocrx_word' id='word_1_336' title='bbox 298 2728 359 2773; x_wconf 86' lang='lat' dir='ltr'>tem</span> <span class='ocrx_word' id='word_1_337' title='bbox 384 2708 543 2793; x_wconf 86' lang='lat' dir='ltr'>sapienter,</span> <span class='ocrx_word' id='word_1_338' title='bbox 566 2726 629 2773; x_wconf 84' lang='lat' dir='ltr'>tarn</span> <span class='ocrx_word' id='word_1_339' title='bbox 649 2725 768 2795; x_wconf 83' lang='lat' dir='ltr'>aperte,</span> <span class='ocrx_word' id='word_1_340' title='bbox 796 2727 898 2791; x_wconf 84' lang='lat' dir='ltr'>atque</span> <span class='ocrx_word' id='word_1_341' title='bbox 945 2727 972 2770; x_wconf 86' lang='lat' dir='ltr'>r·</span> <span class='ocrx_word' id='word_1_342' title='bbox 1011 2707 1145 2783; x_wconf 79' lang='lat' dir='ltr'>debita,</span> <span class='ocrx_word' id='word_1_343' title='bbox 1173 2728 1210 2769; x_wconf 88' lang='lat' dir='ltr'>ac</span> <span class='ocrx_word' id='word_1_344' title='bbox 1233 2705 1429 2788; x_wconf 76' lang='lat' dir='ltr'>promerita,</span> <span class='ocrx_word' id='word_1_345' title='bbox 1461 2702 1509 2786; x_wconf 91' lang='lat' dir='ltr'>spe</span> <span class='ocrx_word' id='word_1_346' title='bbox 1537 2721 1676 2787; x_wconf 88' lang='lat' dir='ltr'>perpetuo</span> <span class='ocrx_word' id='word_1_347' title='bbox 1706 2727 1801 2771; x_wconf 87' lang='lat' dir='ltr'>carere</span> 
     </span>
     <span class='ocr_line' id='line_1_33' title="bbox 168 2785 1799 2876; baseline -0.002 -22"><span class='ocrx_word' id='word_1_348' title='bbox 168 2791 275 2876; x_wconf 84' lang='lat' dir='ltr'>spicue</span> <span class='ocrx_word' id='word_1_349' title='bbox 303 2793 341 2855; x_wconf 91' lang='lat' dir='ltr'>ab</span> <span class='ocrx_word' id='word_1_350' title='bbox 370 2792 526 2865; x_wconf 84' lang='lat' dir='ltr'>Ecclesra,</span> <span class='ocrx_word' id='word_1_351' title='bbox 566 2793 597 2854; x_wconf 75' lang='grc' dir='ltr'><strong>ἃ</strong></span> <span class='ocrx_word' id='word_1_352' title='bbox 630 2792 667 2854; x_wconf 86' lang='lat' dir='ltr'>ab</span> <span class='ocrx_word' id='word_1_353' title='bbox 698 2790 870 2874; x_wconf 83' lang='lat' dir='ltr'>Apostolica</span> <span class='ocrx_word' id='word_1_354' title='bbox 919 2790 972 2855; x_wconf 90' lang='lat' dir='ltr'>ede</span> <span class='ocrx_word' id='word_1_355' title='bbox 1010 2791 1144 2863; x_wconf 89' lang='lat' dir='ltr'>deberet,</span> <span class='ocrx_word' id='word_1_356' title='bbox 1164 2786 1266 2867; x_wconf 88' lang='lat' dir='ltr'>culpa,</span> <span class='ocrx_word' id='word_1_357' title='bbox 1289 2786 1322 2848; x_wconf 80' lang='lat' dir='ltr'>dc</span> <span class='ocrx_word' id='word_1_358' title='bbox 1340 2805 1428 2869; x_wconf 84' lang='lat' dir='ltr'>pcerra</span> <span class='ocrx_word' id='word_1_359' title='bbox 1440 2801 1574 2864; x_wconf 85' lang='lat' dir='ltr'>vacaret,</span> <span class='ocrx_word' id='word_1_360' title='bbox 1596 2785 1653 2854; x_wconf 81' lang='lat' dir='ltr'>five</span> <span class='ocrx_word' id='word_1_361' title='bbox 1671 2785 1799 2866; x_wconf 79' lang='lat' dir='ltr'>offerat,</span> 
     </span>
     <span class='ocr_line' id='line_1_34' title="bbox 169 2866 1387 2957; baseline -0.004 -21"><span class='ocrx_word' id='word_1_362' title='bbox 169 2873 360 2947; x_wconf 86' lang='lat' dir='ltr'>constitutis,</span> <span class='ocrx_word' id='word_1_363' title='bbox 380 2873 506 2935; x_wconf 86' lang='lat' dir='ltr'>dubitati</span> <span class='ocrx_word' id='word_1_364' title='bbox 526 2875 586 2945; x_wconf 86' lang='lat' dir='ltr'>jam</span> <span class='ocrx_word' id='word_1_365' title='bbox 606 2871 691 2935; x_wconf 89' lang='lat' dir='ltr'>nullo</span> <span class='ocrx_word' id='word_1_366' title='bbox 715 2872 805 2937; x_wconf 87' lang='lat' dir='ltr'>modo</span> <span class='ocrx_word' id='word_1_367' title='bbox 827 2872 903 2957; x_wconf 90' lang='lat' dir='ltr'>posse</span> <span class='ocrx_word' id='word_1_368' title='bbox 926 2871 971 2936; x_wconf 82' lang='lat' dir='ltr'>ni·</span> <span class='ocrx_word' id='word_1_369' title='bbox 1011 2873 1068 2935; x_wconf 79' lang='lat' dir='ltr'>sene</span> <span class='ocrx_word' id='word_1_370' title='bbox 1088 2883 1217 2952; x_wconf 87' lang='lat' dir='ltr'>acceptet</span> <span class='ocrx_word' id='word_1_371' title='bbox 1238 2866 1387 2933; x_wconf 85' lang='lat' dir='ltr'>duellum.</span> 
     </span>
     <span class='ocr_line' id='line_1_35' title="bbox 168 2951 967 3052; baseline -0.006 -36"><span class='ocrx_word' id='word_1_372' title='bbox 168 2952 300 3016; x_wconf 88' lang='lat' dir='ltr'>debatur</span> <span class='ocrx_word' id='word_1_373' title='bbox 321 2996 333 3047; x_wconf 77' lang='lat'>⁹.</span> <span class='ocrx_word' id='word_1_374' title='bbox 359 2951 434 3034; x_wconf 90' lang='lat' dir='ltr'>quin</span> <span class='ocrx_word' id='word_1_375' title='bbox 454 2953 549 3017; x_wconf 85' lang='lat' dir='ltr'>duella</span> <span class='ocrx_word' id='word_1_376' title='bbox 577 2953 709 3052; x_wconf 78' lang='lat' dir='ltr'>omnia,</span> <span class='ocrx_word' id='word_1_377' title='bbox 740 2971 807 3048; x_wconf 38' lang='lat' dir='ltr'>tant·</span> <span class='ocrx_word' id='word_1_378' title='bbox 822 2953 967 3047; x_wconf 86' lang='lat' dir='ltr'>publica,</span> 
     </span>
     <span class='ocr_line' id='line_1_36' title="bbox 194 3028 1436 3195; baseline 0.001 -21"><span class='ocrx_word' id='word_1_379' title='bbox 194 3029 976 3195; x_wconf 52' lang='lat' dir='ltr'>”stetistiisltls‘llnsfsllt‚¹if</span> <span class='ocrx_word' id='word_1_380' title='bbox 1380 3028 1436 3092; x_wconf 62' lang='grc' dir='ltr'>Π·</span> 
     </span>
     <span class='ocr_line' id='line_1_37' title="bbox 163 3190 1798 3290; baseline -0.001 -34"><span class='ocrx_word' id='word_1_381' title='bbox 163 3213 232 3276; x_wconf 88' lang='lat' dir='ltr'>que</span> <span class='ocrx_word' id='word_1_382' title='bbox 252 3193 392 3257; x_wconf 73' lang='lat' dir='ltr'>demum</span> <span class='ocrx_word' id='word_1_383' title='bbox 411 3192 517 3257; x_wconf 74' lang='lat' dir='ltr'>censeri</span> <span class='ocrx_word' id='word_1_384' title='bbox 537 3190 690 3256; x_wconf 86' lang='lat' dir='ltr'>deberent.</span> <span class='ocrx_word' id='word_1_385' title='bbox 712 3190 766 3254; x_wconf 90' lang='lat' dir='ltr'>Sed</span> <span class='ocrx_word' id='word_1_386' title='bbox 779 3192 972 3257; x_wconf 84' lang='lat' dir='ltr'>nonnulliea-</span> <span class='ocrx_word' id='word_1_387' title='bbox 1053 3191 1191 3258; x_wconf 82' lang='lat' dir='ltr'>Excusari</span> <span class='ocrx_word' id='word_1_388' title='bbox 1211 3192 1326 3290; x_wconf 80' lang='lat' dir='ltr'>possunt</span> <span class='ocrx_word' id='word_1_389' title='bbox 1340 3191 1449 3269; x_wconf 87' lang='lat' dir='ltr'>etiam,</span> <span class='ocrx_word' id='word_1_390' title='bbox 1470 3190 1589 3257; x_wconf 87' lang='lat' dir='ltr'>honoris</span> <span class='ocrx_word' id='word_1_391' title='bbox 1607 3191 1726 3266; x_wconf 88' lang='lat' dir='ltr'>tuendi,</span> <span class='ocrx_word' id='word_1_392' title='bbox 1749 3192 1798 3256; x_wconf 89' lang='lat' dir='ltr'>vel</span> 
     </span>
     <span class='ocr_line' id='line_1_38' title="bbox 164 3271 1800 3364; baseline -0.002 -26"><span class='ocrx_word' id='word_1_393' title='bbox 164 3295 241 3338; x_wconf 85' lang='lat' dir='ltr'>turn</span> <span class='ocrx_word' id='word_1_394' title='bbox 263 3274 361 3353; x_wconf 77' lang='lat' dir='ltr'>legum</span> <span class='ocrx_word' id='word_1_395' title='bbox 383 3275 577 3357; x_wconf 85' lang='lat' dir='ltr'>interpretes,</span> <span class='ocrx_word' id='word_1_396' title='bbox 593 3274 646 3364; x_wconf 88' lang='lat' dir='ltr'>qui</span> <span class='ocrx_word' id='word_1_397' title='bbox 666 3272 858 3355; x_wconf 84' lang='lat' dir='ltr'>benignitatis</span> <span class='ocrx_word' id='word_1_398' title='bbox 877 3273 974 3357; x_wconf 85' lang='lat' dir='ltr'>specie</span> <span class='ocrx_word' id='word_1_399' title='bbox 1010 3274 1146 3340; x_wconf 71' lang='lat' dir='ltr'>hnmana</span> <span class='ocrx_word' id='word_1_400' title='bbox 1166 3272 1366 3358; x_wconf 73' lang='lat' dir='ltr'>vilipensionis</span> <span class='ocrx_word' id='word_1_401' title='bbox 1385 3273 1513 3338; x_wconf 75' lang='lat' dir='ltr'>vitanda</span> <span class='ocrx_word' id='word_1_402' title='bbox 1533 3273 1647 3357; x_wconf 85' lang='lat' dir='ltr'>gratia,</span> <span class='ocrx_word' id='word_1_403' title='bbox 1670 3271 1800 3336; x_wconf 88' lang='lat' dir='ltr'>duellum</span> 
     </span>
     <span class='ocr_line' id='line_1_39' title="bbox 168 3353 1800 3444; baseline -0.002 -27"><span class='ocrx_word' id='word_1_404' title='bbox 168 3355 345 3433; x_wconf 85' lang='lat' dir='ltr'>humanis,</span> <span class='ocrx_word' id='word_1_405' title='bbox 376 3353 481 3442; x_wconf 86' lang='lat' dir='ltr'>pravis</span> <span class='ocrx_word' id='word_1_406' title='bbox 494 3379 528 3419; x_wconf 93' lang='lat' dir='ltr'>ue</span> <span class='ocrx_word' id='word_1_407' title='bbox 554 3354 765 3436; x_wconf 85' lang='lat' dir='ltr'>cupiditatibus</span> <span class='ocrx_word' id='word_1_408' title='bbox 795 3355 860 3438; x_wconf 89' lang='lat' dir='ltr'>plns</span> <span class='ocrx_word' id='word_1_409' title='bbox 890 3377 974 3439; x_wconf 77' lang='lat' dir='ltr'>aquo</span> <span class='ocrx_word' id='word_1_410' title='bbox 1014 3372 1217 3444; x_wconf 84' lang='lat' dir='ltr'>acceptantes,</span> <span class='ocrx_word' id='word_1_411' title='bbox 1235 3354 1282 3420; x_wconf 84' lang='lat' dir='ltr'>vel</span> <span class='ocrx_word' id='word_1_412' title='bbox 1301 3356 1339 3418; x_wconf 85' lang='lat' dir='ltr'>ad</span> <span class='ocrx_word' id='word_1_413' title='bbox 1360 3354 1433 3417; x_wconf 88' lang='lat' dir='ltr'>illud</span> <span class='ocrx_word' id='word_1_414' title='bbox 1460 3371 1680 3437; x_wconf 83' lang='lat' dir='ltr'>provocantes,</span> <span class='ocrx_word' id='word_1_415' title='bbox 1709 3367 1800 3433; x_wconf 69' lang='lat' dir='ltr'>quan·</span> 
     </span>
     <span class='ocr_line' id='line_1_40' title="bbox 166 3433 1801 3534; baseline -0.003 -35"><span class='ocrx_word' id='word_1_416' title='bbox 166 3433 308 3534; x_wconf 79' lang='lat' dir='ltr'>faventes</span> <span class='ocrx_word' id='word_1_417' title='bbox 330 3480 342 3514; x_wconf 91' lang='lat'>,</span> <span class='ocrx_word' id='word_1_418' title='bbox 366 3442 421 3534; x_wconf 31' lang='lat' dir='ltr'>&#39;A&#39;</span> <span class='ocrx_word' id='word_1_419' title='bbox 442 3437 487 3533; x_wconf 74' lang='lat' dir='ltr'>llo</span> <span class='ocrx_word' id='word_1_420' title='bbox 500 3437 560 3534; x_wconf 80' lang='lat' dir='ltr'>icas</span> <span class='ocrx_word' id='word_1_421' title='bbox 580 3435 748 3528; x_wconf 66' lang='lat' dir='ltr'>Saniiiones</span> <span class='ocrx_word' id='word_1_422' title='bbox 777 3438 814 3500; x_wconf 86' lang='lat' dir='ltr'>ad</span> <span class='ocrx_word' id='word_1_423' title='bbox 834 3456 975 3522; x_wconf 88' lang='lat' dir='ltr'>corrupta</span> <span class='ocrx_word' id='word_1_424' title='bbox 1012 3439 1051 3503; x_wconf 92' lang='lat' dir='ltr'>do</span> <span class='ocrx_word' id='word_1_425' title='bbox 1072 3455 1151 3503; x_wconf 79' lang='lat' dir='ltr'>certo</span> <span class='ocrx_word' id='word_1_426' title='bbox 1174 3434 1269 3532; x_wconf 73' lang='lat' dir='ltr'>sciunt</span> <span class='ocrx_word' id='word_1_427' title='bbox 1283 3447 1422 3532; x_wconf 34' lang='lat' dir='ltr'>‘pugnarn</span> <span class='ocrx_word' id='word_1_428' title='bbox 1453 3455 1513 3499; x_wconf 90' lang='lat' dir='ltr'>non</span> <span class='ocrx_word' id='word_1_429' title='bbox 1534 3434 1587 3500; x_wconf 87' lang='lat' dir='ltr'>esse</span> <span class='ocrx_word' id='word_1_430' title='bbox 1616 3433 1801 3508; x_wconf 84' lang='lat' dir='ltr'>secuturam,</span> 
     </span>
     <span class='ocr_line' id='line_1_41' title="bbox 164 3457 1518 3608; baseline -0.002 -28"><span class='ocrx_word' id='word_1_431' title='bbox 164 3518 333 3583; x_wconf 87' lang='lat' dir='ltr'>homtnnm</span> <span class='ocrx_word' id='word_1_432' title='bbox 362 3457 471 3594; x_wconf 47' lang='lat' dir='ltr'>&#39;upum</span> <span class='ocrx_word' id='word_1_433' title='bbox 500 3516 709 3608; x_wconf 73' lang='lat' dir='ltr'>rnfldilentes,</span> <span class='ocrx_word' id='word_1_434' title='bbox 743 3542 777 3584; x_wconf 90' lang='lat' dir='ltr'>ac</span> <span class='ocrx_word' id='word_1_435' title='bbox 808 3537 973 3604; x_wconf 89' lang='lat' dir='ltr'>temperan·</span> <span class='ocrx_word' id='word_1_436' title='bbox 1014 3536 1118 3605; x_wconf 83' lang='lat' dir='ltr'>utpote</span> <span class='ocrx_word' id='word_1_437' title='bbox 1137 3517 1176 3582; x_wconf 89' lang='lat' dir='ltr'>ab</span> <span class='ocrx_word' id='word_1_438' title='bbox 1195 3516 1262 3581; x_wconf 88' lang='lat' dir='ltr'>alrrs</span> <span class='ocrx_word' id='word_1_439' title='bbox 1282 3515 1518 3602; x_wconf 82' lang='lat' dir='ltr'>rmpedrendant.</span> 
     </span>
     <span class='ocr_line' id='line_1_42' title="bbox 165 3596 1445 3742; baseline 0.002 -81"><span class='ocrx_word' id='word_1_440' title='bbox 165 3614 242 3674; x_wconf 80' lang='lat' dir='ltr'>tes,</span> <span class='ocrx_word' id='word_1_441' title='bbox 266 3601 365 3678; x_wconf 85' lang='lat' dir='ltr'>licere,</span> <span class='ocrx_word' id='word_1_442' title='bbox 379 3600 562 3677; x_wconf 84' lang='lat' dir='ltr'>docuemnt,</span> <span class='ocrx_word' id='word_1_443' title='bbox 575 3605 598 3742; x_wconf 48' lang='grc'><em>5</em></span> <span class='ocrx_word' id='word_1_444' title='bbox 610 3596 653 3679; x_wconf 80' lang='lat' dir='ltr'>b)</span> <span class='ocrx_word' id='word_1_445' title='bbox 674 3602 738 3662; x_wconf 77' lang='lat' dir='ltr'>Viro</span> <span class='ocrx_word' id='word_1_446' title='bbox 755 3602 880 3685; x_wconf 73' lang='lat' dir='ltr'>Equessri</span> <span class='ocrx_word' id='word_1_447' title='bbox 895 3601 972 3664; x_wconf 81' lang='lat' dir='ltr'>duel·</span> <span class='ocrx_word' id='word_1_448' title='bbox 1443 3661 1445 3664; x_wconf 82' lang='grc'><strong>,</strong></span> 
     </span>
     <span class='ocr_line' id='line_1_43' title="bbox 163 3679 1452 3768; baseline 0.007 -26"><span class='ocrx_word' id='word_1_449' title='bbox 163 3680 238 3743; x_wconf 78' lang='lat' dir='ltr'>lam</span> <span class='ocrx_word' id='word_1_450' title='bbox 260 3698 428 3763; x_wconf 80' lang='lat' dir='ltr'>acceptare,</span> <span class='ocrx_word' id='word_1_451' title='bbox 456 3705 490 3745; x_wconf 85' lang='lat' dir='ltr'>ne</span> <span class='ocrx_word' id='word_1_452' title='bbox 510 3685 577 3745; x_wconf 85' lang='lat' dir='ltr'>timi</span> <span class='ocrx_word' id='word_1_453' title='bbox 596 3684 679 3745; x_wconf 78' lang='lat' dir='ltr'>itatis</span> <span class='ocrx_word' id='word_1_454' title='bbox 695 3703 790 3747; x_wconf 80' lang='lat' dir='ltr'>notam</span> <span class='ocrx_word' id='word_1_455' title='bbox 809 3687 886 3768; x_wconf 85' lang='lat' dir='ltr'>apud</span> <span class='ocrx_word' id='word_1_456' title='bbox 904 3688 977 3748; x_wconf 77' lang='lat' dir='ltr'>alios</span> <span class='ocrx_word' id='word_1_457' title='bbox 1364 3679 1452 3742; x_wconf 85' lang='lat'>111·</span> 
     </span>
     <span class='ocr_line' id='line_1_44' title="bbox 164 3763 976 3843; baseline 0.005 -18"><span class='ocrx_word' id='word_1_458' title='bbox 164 3766 306 3825; x_wconf 75' lang='lat' dir='ltr'>incurrat</span> <span class='ocrx_word' id='word_1_459' title='bbox 330 3784 338 3823; x_wconf 91' lang='lat'>:</span> <span class='ocrx_word' id='word_1_460' title='bbox 370 3764 432 3843; x_wconf 91' lang='lat' dir='ltr'>(c)</span> <span class='ocrx_word' id='word_1_461' title='bbox 458 3765 507 3841; x_wconf 76' lang='lat' dir='ltr'>sas</span> <span class='ocrx_word' id='word_1_462' title='bbox 523 3765 578 3843; x_wconf 76' lang='lat' dir='ltr'>effe</span> <span class='ocrx_word' id='word_1_463' title='bbox 605 3763 757 3841; x_wconf 76' lang='lat' dir='ltr'>defenssone</span> <span class='ocrx_word' id='word_1_464' title='bbox 787 3764 906 3841; x_wconf 79' lang='lat' dir='ltr'>occisena</span> <span class='ocrx_word' id='word_1_465' title='bbox 925 3765 976 3829; x_wconf 77' lang='lat' dir='ltr'>ves</span> 
     </span>
     <span class='ocr_line' id='line_1_45' title="bbox 163 3837 1810 4009; baseline -0.004 -20"><span class='ocrx_word' id='word_1_466' title='bbox 163 3841 246 4000; x_wconf 75' lang='lat' dir='ltr'>aa</span> <span class='ocrx_word' id='word_1_467' title='bbox 261 3841 975 4009; x_wconf 51' lang='lat' dir='ltr'>assu,</span> <span class='ocrx_word' id='word_1_468' title='bbox 1015 3837 1810 3991; x_wconf 62' lang='lat' dir='ltr'>un</span> 
     </span>
     <span class='ocr_line' id='line_1_46' title="bbox 160 3932 1805 4096; baseline -0.001 -29"><span class='ocrx_word' id='word_1_469' title='bbox 160 4006 339 4092; x_wconf 66' lang='lat' dir='ltr'>propulsare</span> <span class='ocrx_word' id='word_1_470' title='bbox 357 4004 490 4096; x_wconf 73' lang='lat' dir='ltr'>danna,</span> <span class='ocrx_word' id='word_1_471' title='bbox 520 4032 582 4090; x_wconf 77' lang='lat' dir='ltr'>qua</span> <span class='ocrx_word' id='word_1_472' title='bbox 610 4031 643 4070; x_wconf 77' lang='lat' dir='ltr'>ex</span> <span class='ocrx_word' id='word_1_473' title='bbox 669 3948 895 4092; x_wconf 50' lang='lat' dir='ltr'>iniquauiiaieei</span> <span class='ocrx_word' id='word_1_474' title='bbox 908 3932 972 4090; x_wconf 65' lang='lat' dir='ltr'>dee·</span> <span class='ocrx_word' id='word_1_475' title='bbox 1014 4008 1051 4073; x_wconf 85' lang='lat' dir='ltr'>lis</span> <span class='ocrx_word' id='word_1_476' title='bbox 1072 4006 1213 4084; x_wconf 77' lang='lat' dir='ltr'>Militia,</span> <span class='ocrx_word' id='word_1_477' title='bbox 1236 4022 1389 4089; x_wconf 87' lang='lat' dir='ltr'>acceptans</span> <span class='ocrx_word' id='word_1_478' title='bbox 1408 3968 1562 4082; x_wconf 79' lang='lat' dir='ltr'>duellum,</span> <span class='ocrx_word' id='word_1_479' title='bbox 1579 3968 1621 4067; x_wconf 60' lang='lat' dir='ltr'>’ex</span> <span class='ocrx_word' id='word_1_480' title='bbox 1641 4001 1724 4086; x_wconf 81' lang='lat' dir='ltr'>grani</span> <span class='ocrx_word' id='word_1_481' title='bbox 1744 4018 1805 4065; x_wconf 83' lang='lat' dir='ltr'>tne-</span> 
     </span>
     <span class='ocr_line' id='line_1_47' title="bbox 163 4080 1540 4174; baseline -0.002 -23"><span class='ocrx_word' id='word_1_482' title='bbox 163 4080 271 4154; x_wconf 68' lang='lat' dir='ltr'>celatia</span> <span class='ocrx_word' id='word_1_483' title='bbox 292 4105 364 4150; x_wconf 82' lang='lat' dir='ltr'>certo</span> <span class='ocrx_word' id='word_1_484' title='bbox 383 4091 530 4151; x_wconf 81' lang='lat' dir='ltr'>immittent</span> <span class='ocrx_word' id='word_1_485' title='bbox 551 4115 564 4165; x_wconf 90' lang='lat'>,·</span> <span class='ocrx_word' id='word_1_486' title='bbox 597 4093 659 4171; x_wconf 85' lang='lat' dir='ltr'>(e)</span> <span class='ocrx_word' id='word_1_487' title='bbox 690 4090 843 4172; x_wconf 58' lang='lat' dir='ltr'>Defendet*</span> <span class='ocrx_word' id='word_1_488' title='bbox 860 4115 913 4156; x_wconf 81' lang='lat' dir='ltr'>nnn</span> <span class='ocrx_word' id='word_1_489' title='bbox 927 4094 973 4174; x_wconf 58' lang='lat' dir='ltr'>so*</span> <span class='ocrx_word' id='word_1_490' title='bbox 1015 4106 1050 4156; x_wconf 84' lang='lat' dir='ltr'>tu</span> <span class='ocrx_word' id='word_1_491' title='bbox 1070 4086 1229 4153; x_wconf 79' lang='lat' dir='ltr'>amissionis</span> <span class='ocrx_word' id='word_1_492' title='bbox 1248 4084 1350 4166; x_wconf 64' lang='lat' dir='ltr'>sama,</span> <span class='ocrx_word' id='word_1_493' title='bbox 1372 4087 1404 4151; x_wconf 78' lang='grc' dir='ltr'>δι</span> <span class='ocrx_word' id='word_1_494' title='bbox 1424 4081 1540 4151; x_wconf 78' lang='lat' dir='ltr'>officii.</span> 
     </span>
     <span class='ocr_line' id='line_1_48' title="bbox 164 4169 1192 4259; baseline 0.001 -24"><span class='ocrx_word' id='word_1_495' title='bbox 164 4173 236 4236; x_wconf 74' lang='lat' dir='ltr'>lum</span> <span class='ocrx_word' id='word_1_496' title='bbox 261 4189 322 4252; x_wconf 67' lang='lat' dir='ltr'>qu</span> <span class='ocrx_word' id='word_1_497' title='bbox 395 4171 977 4259; x_wconf 50' lang='lat' dir='ltr'>tdmffedetiameaffldquavy&#39;us</span> <span class='ocrx_word' id='word_1_498' title='bbox 1056 4189 1060 4200; x_wconf 82' lang='grc'><em>·</em></span> <span class='ocrx_word' id='word_1_499' title='bbox 1188 4169 1192 4176; x_wconf 75' lang='grc'><strong>’</strong></span> 
     </span>
     <span class='ocr_line' id='line_1_49' title="bbox 166 4249 1755 4390; baseline -0.003 -71"><span class='ocrx_word' id='word_1_500' title='bbox 166 4251 344 4319; x_wconf 79' lang='lat' dir='ltr'>inchoatam</span> <span class='ocrx_word' id='word_1_501' title='bbox 383 4249 530 4330; x_wconf 63' lang='lat' dir='ltr'>abemus,</span> <span class='ocrx_word' id='word_1_502' title='bbox 563 4252 631 4315; x_wconf 78' lang='lat' dir='ltr'>dm</span> <span class='ocrx_word' id='word_1_503' title='bbox 652 4254 719 4337; x_wconf 40' lang='lat' dir='ltr'>&#39;altit</span> <span class='ocrx_word' id='word_1_504' title='bbox 747 4260 802 4321; x_wconf 79' lang='lat' dir='ltr'>via</span> <span class='ocrx_word' id='word_1_505' title='bbox 820 4254 853 4320; x_wconf 77' lang='lat' dir='ltr'>id</span> <span class='ocrx_word' id='word_1_506' title='bbox 872 4254 976 4339; x_wconf 75' lang='lat' dir='ltr'>affeqne&#39;</span> <span class='ocrx_word' id='word_1_507' title='bbox 1043 4291 1046 4302; x_wconf 47' lang='grc' dir='ltr'><strong>ν</strong></span> <span class='ocrx_word' id='word_1_508' title='bbox 1591 4291 1594 4298; x_wconf 68' lang='lat'><em>=</em></span> <span class='ocrx_word' id='word_1_509' title='bbox 1694 4326 1755 4390; x_wconf 73' lang='lat' dir='ltr'>IV</span> 
     </span>
    </p>
   </div>
   <div class='ocr_carea' id='block_1_3' title="bbox 171 4445 1808 4586">
    <p class='ocr_par' dir='ltr' id='par_1_3' title="bbox 171 4445 1808 4586">
     <span class='ocr_line' id='line_1_50' title="bbox 171 4445 1808 4586; baseline -0.022 -8"><span class='ocrx_word' id='word_1_510' title='bbox 171 4504 187 4580; x_wconf 90' lang='lat'>(</span> <span class='ocrx_word' id='word_1_511' title='bbox 213 4521 235 4559; x_wconf 70' lang='lat'><em>⁶</em></span> <span class='ocrx_word' id='word_1_512' title='bbox 257 4501 275 4576; x_wconf 90' lang='lat'>)</span> <span class='ocrx_word' id='word_1_513' title='bbox 294 4498 385 4580; x_wconf 70' lang='lat' dir='ltr'>Confi·</span> <span class='ocrx_word' id='word_1_514' title='bbox 409 4504 451 4565; x_wconf 81' lang='lat' dir='ltr'>ad</span> <span class='ocrx_word' id='word_1_515' title='bbox 469 4501 640 4568; x_wconf 80' lang='lat' dir='ltr'>tollendum.</span> <span class='ocrx_word' id='word_1_516' title='bbox 661 4504 676 4582; x_wconf 95' lang='lat'>(</span> <span class='ocrx_word' id='word_1_517' title='bbox 697 4502 716 4563; x_wconf 89' lang='lat' dir='ltr'>b</span> <span class='ocrx_word' id='word_1_518' title='bbox 739 4502 753 4581; x_wconf 94' lang='lat'>)</span> <span class='ocrx_word' id='word_1_519' title='bbox 776 4522 805 4565; x_wconf 79' lang='lat' dir='ltr'>a.</span> <span class='ocrx_word' id='word_1_520' title='bbox 823 4506 906 4586; x_wconf 81' lang='lat' dir='ltr'>Prop.</span> <span class='ocrx_word' id='word_1_521' title='bbox 925 4445 1061 4564; x_wconf 77' lang='lat' dir='ltr'>damnata</span> <span class='ocrx_word' id='word_1_522' title='bbox 1082 4496 1120 4561; x_wconf 84' lang='lat' dir='ltr'>ab</span> <span class='ocrx_word' id='word_1_523' title='bbox 1139 4493 1300 4564; x_wconf 73' lang='lat' dir='ltr'>Alexandro</span> <span class='ocrx_word' id='word_1_524' title='bbox 1319 4499 1386 4560; x_wconf 85' lang='lat' dir='ltr'>Vll.</span> <span class='ocrx_word' id='word_1_525' title='bbox 1407 4496 1423 4577; x_wconf 93' lang='lat'>(</span> <span class='ocrx_word' id='word_1_526' title='bbox 1443 4518 1459 4560; x_wconf 85' lang='lat' dir='ltr'>e</span> <span class='ocrx_word' id='word_1_527' title='bbox 1479 4494 1495 4573; x_wconf 87' lang='lat'><strong>)</strong></span> <span class='ocrx_word' id='word_1_528' title='bbox 1516 4478 1808 4573; x_wconf 80' lang='lat' dir='ltr'>Prop.17.eedam·</span> 
     </span>
    </p>
   </div>
   <div class='ocr_carea' id='block_1_4' title="bbox 166 4564 1921 4731">
    <p class='ocr_par' dir='ltr' id='par_1_4' title="bbox 166 4564 1921 4731">
     <span class='ocr_line' id='line_1_51' title="bbox 166 4564 1921 4731; baseline -0.009 -85"><span class='ocrx_word' id='word_1_529' title='bbox 166 4578 463 4731; x_wconf 46' lang='grc' dir='ltr'>ἴςὲοιζῐῗάοω,</span> <span class='ocrx_word' id='word_1_530' title='bbox 491 4583 586 4669; x_wconf 73' lang='lat' dir='ltr'>(d)</span> <span class='ocrx_word' id='word_1_531' title='bbox 615 4586 698 4669; x_wconf 70' lang='lat' dir='ltr'>trop.</span> <span class='ocrx_word' id='word_1_532' title='bbox 724 4584 772 4651; x_wconf 87' lang='lat'>18.</span> <span class='ocrx_word' id='word_1_533' title='bbox 795 4581 834 4649; x_wconf 67' lang='lat' dir='ltr'>ab</span> <span class='ocrx_word' id='word_1_534' title='bbox 853 4583 945 4649; x_wconf 79' lang='lat' dir='ltr'>eedem</span> <span class='ocrx_word' id='word_1_535' title='bbox 963 4577 1126 4655; x_wconf 79' lang='lat' dir='ltr'>damnata·</span> <span class='ocrx_word' id='word_1_536' title='bbox 1160 4581 1246 4662; x_wconf 86' lang='lat' dir='ltr'>(e)</span> <span class='ocrx_word' id='word_1_537' title='bbox 1268 4584 1420 4684; x_wconf 70' lang='lat' dir='ltr'>Prop032.</span> <span class='ocrx_word' id='word_1_538' title='bbox 1440 4595 1487 4696; x_wconf 26' lang='lat' dir='ltr'>att·</span> <span class='ocrx_word' id='word_1_539' title='bbox 1505 4571 1646 4645; x_wconf 71' lang='lat' dir='ltr'>amnon</span> <span class='ocrx_word' id='word_1_540' title='bbox 1673 4564 1710 4633; x_wconf 78' lang='lat' dir='ltr'>ab</span> <span class='ocrx_word' id='word_1_541' title='bbox 1731 4567 1810 4634; x_wconf 71' lang='lat' dir='ltr'>inne</span> <span class='ocrx_word' id='word_1_542' title='bbox 1916 4641 1921 4650; x_wconf 38' lang='lat'>,</span> 
     </span>
    </p>
   </div>
   <div class='ocr_carea' id='block_1_5' title="bbox 1507 4943 1515 4986">
    <p class='ocr_par' dir='ltr' id='par_1_5' title="bbox 1507 4943 1515 4986">
     <span class='ocr_line' id='line_1_52' title="bbox 1507 4943 1515 4986; baseline 0 0"><span class='ocrx_word' id='word_1_543' title='bbox 1507 4943 1515 4986; x_wconf 80' lang='lat' dir='ltr'>l</span> 
     </span>
    </p>
   </div>
   <div class='ocr_carea' id='block_1_6' title="bbox 0 0 2042 5275">
    <p class='ocr_par' dir='ltr' id='par_1_6' title="bbox 0 0 2042 5275">
     <span class='ocr_line' id='line_1_53' title="bbox 0 0 2042 5275; baseline 0 0"><span class='ocrx_word' id='word_1_544' title='bbox 0 0 2042 5275; x_wconf 95' lang='lat' dir='ltr'> </span> 
     </span>
    </p>
   </div>
  </div>
 </body>
</html>
