4075 5275
516 44 1128 157 uerrucam,
1186 52 1390 141 Aret.
1671 59 1725 171 89

162 165 215 230 illa
234 161 311 228 ladit
331 158 423 228 solum
443 158 572 245 samam,
595 161 650 224 isla
668 180 740 226 vero
759 157 869 223 famam
888 204 900 236 ,
921 160 952 245 bt
991 159 1118 227 resolves
1137 160 1234 246 ptimo
1254 210 1263 243 ,
1295 167 1373 249 quod
1401 164 1511 239 desedit
1540 170 1700 237 voluntarii
1718 195 1781 261 per.
1807 200 1840 265 13

162 249 336 321 honorem3
364 245 443 308 Cum
472 240 652 308 contumelia
680 241 859 337 conveniunt
879 247 951 306 Cen·
992 240 1079 318 sccii,
1100 240 1261 324 detraliio,
1292 248 1409 329 quade
1430 247 1472 314 sui
1493 266 1596 316 naama
1625 256 1691 319 esset
1718 277 1782 343 pec.

162 333 296 403 vitium,
327 326 368 392 (r
390 329 618 411 improperium
655 322 799 388 Simrltter
817 323 954 400 Derrfio,
994 341 1092 388 catum
1113 326 1261 403 mortale,
1284 329 1411 394 redditur
1430 347 1547 397 tantum
1567 334 1709 411 veniale,
1732 358 1783 404 ant

165 410 205 476 &
224 410 436 490 Subsaenatie,
468 427 532 490 qua
561 404 691 469 motibus
721 402 862 478 injuriam
891 425 954 468 cot·
995 404 1143 471 excusatur
1158 408 1322 473 omninoa
1351 429 1502 496 peccato,
1537 413 1618 478 ficuti
1648 432 1730 500 patet
1752 421 1784 482 in

162 492 242 576 poris
261 489 325 555 ieri
348 488 452 565 solet,
482 493 564 561 iuxta
598 486 668 549 illud
688 483 822 549 Proverb.
843 491 873 549 b.
895 488 952 548 An·
995 484 1105 550 caretis
1124 487 1189 553 aliia
1218 491 1379 574 peccatis..
1413 492 1507 561 Divus
1535 496 1614 562 enim
1648 500 1786 581 Augusti.

162 575 225 636 nuit
244 573 348 648 oculis,
371 574 437 634 terit
452 569 554 653 pede,
584 567 617 629 di
633 571 673 630 ito
692 567 834 648 loquitur,
861 584 957 650 pravo
994 587 1049 630 nur
1068 565 1120 630 lib.
1141 569 1176 629 de
1205 593 1274 633 vera
1305 574 1485 659 Religioncc
1520 600 1574 657 .4.
1597 579 1633 641 stc
1663 599 1696 643 ex
1721 580 1786 645 telle

125 683 145 738 9
164 658 243 719 corde
262 653 440 718 machinatur
458 651 586 713 malum.
608 593 782 712 ssiffamatio
803 649 841 712 ell
860 648 953 712 detra·
995 647 1066 711 ait:
1099 650 1189 731 Usque
1207 652 1275 714 adeo
1312 677 1436 719 ceratum
1454 681 1491 720 vo
1502 663 1641 723 antariani
1669 598 1784 738 εἰη.

163 734 223 799 trio
242 734 327 800 fama
348 733 467 799 alterius
507 730 631 806 ublica,
665 728 712 794 seu
731 749 829 823 coram
852 728 955 824 multis
994 732 1072 805 lam,
1093 749 1127 790 ur
1145 673 1313 798 bullonensi
1326 736 1367 813 stt
1382 756 1544 820 peccatum,
1562 742 1591 819 st
1608 766 1660 805 ,m
1692 758 1716 803 ,e
1734 767 1784 805 vo.

163 816 256 895 falla,
279 818 310 878 be
330 836 399 880 cum
419 814 463 876 dir
507 832 545 887 a,
576 810 624 876 vel
655 810 792 877 inditedla
814 826 954 875 tetenrto·
993 810 1182 876 lanterium.
1213 813 1334 878 Etenim
1363 819 1415 882 nisi
1434 822 1564 887 dicamus
1591 823 1631 887 ob
1650 821 1784 907 imperfe-

164 920 202 963 ne
232 896 352 961 alterius
381 892 532 958 infamiam
561 891 592 954 in
619 891 769 975 publicum
800 891 953 976 propalan·
994 889 1121 956 &ionem
1142 893 1240 972 alios,
1260 919 1292 961 v.
1313 916 1343 978 g.
1365 899 1406 962 ob
1425 902 1639 983 ignorantiam,
1669 922 1719 969 aut
1741 905 1785 967 in·

27 1014 28 1017 κ
106 1000 143 1044 ιο
163 980 227 1042 di.
258 974 419 1040 Susutratio
447 974 487 1038 eli
506 994 597 1057 prava
616 973 770 1037 oblocutio
799 975 834 1036 de
856 971 952 1056 proxi·
993 971 1207 1036 advertentiam
1227 974 1264 1038 ad
1278 997 1486 1047 nocumentum
1509 984 1655 1067 proximi,
1677 986 1725 1049 vel
1745 985 1785 1052 ob

163 1079 216 1124 mo
237 1057 273 1121 ad
295 1058 394 1129 injusle
413 1053 571 1118 tollendam
590 1054 753 1118 amicitiam
781 1053 866 1138 ipsius
886 1066 953 1116 cum
993 1052 1197 1118 vehementem
1229 1055 1419 1138 pallionem,
1459 1082 1510 1127 aut
1541 1065 1811 1149 precipitantiam

163 1138 260 1212 aliis,
292 1135 519 1216 discordiamque
549 1133 778 1210 seminandam,
807 1137 890 1209 juxta
919 1133 953 1196 il·
995 1133 1119 1209 mentis,
1141 1133 1174 1197 bc
1192 1133 1235 1196 lin
1310 1142 1549 1214 ‚detradlionem
1572 1144 1715 1230 saepissime
1736 1169 1785 1211 a.

164 1221 214 1287 lud
235 1216 411 1297 Ecclesrejlici
432 1217 481 1280 28.
503 1217 641 1297 Sestum,
673 1217 714 1282 Θ
740 1215 875 1299 bilinguis
894 1238 954 1277 ma·
994 1212 1086 1278 cusari
1107 1234 1126 1277 a
1146 1216 1296 1294 mortai,
1331 1219 1403 1284 adeo
1432 1222 1577 1290 familiare
1605 1229 1642 1291 esl
1664 1229 1719 1290 boc
1740 1228 1785 1291 vi.

163 1297 297 1365 blicis.
995 1295 1091 1373 tium,
1112 1298 1192 1379 quod
1211 1313 1310 1362 tutum
1332 1318 1405 1383 pene
1424 1322 1513 1385 genus
1545 1307 1705 1371 humanum
1773 1344 1784 1356 .

109 1410 143 1455 11
179 1418 183 1423 -
206 1377 358 1443 Detrailio
379 1378 591 1457 calumnians,
621 1377 692 1462 quia
719 1376 830 1443 crimen
851 1375 953 1442 salsum
996 1376 1194 1454 riclitabitur,
1216 1376 1377 1462 siquidem,
1400 1396 1435 1444 nt
1454 1382 1527 1448 dicit
1550 1385 1644 1452 Dium
1664 1389 1734 1460 Jaco
1755 1409 1789 1451 us

163 1461 247 1527 alteri
269 1459 465 1546 imponitur,
500 1461 553 1523 nist
573 1458 687 1526 excuset
706 1458 829 1526 materia
851 1458 924 1524 levit
941 1486 958 1535 ’,ι
996 1456 1026 1520 in
1049 1460 1097 1522 sua
1119 1459 1426 1542 Epistola'Catbolica
1455 1481 1517 1549 cap.
1533 1470 1560 1546 32
1578 1470 1698 1549 'Lingua
1731 1492 1788 1531 mo-

164 1543 202 1607 eb
222 1541 334 1626 semper
348 1560 507 1625 peccatum
529 1540 672 1618 mortale,
701 1540 773 1623 quia
801 1540 953 1605 falsitatem
995 1539 1089 1605 dicum
1109 1544 1222 1623 quidem
1243 1541 1462 1622 mernbrtcmelb‚
1478 1545 1534 1627 sed
1552 1549 1708 1630 inquietum
1727 1572 1788 1611 ma-

162 1642 326 1709 ptoponete
346 1625 376 1686 in
395 1624 482 1690 ‘nullo
504 1622 569 1688 casu
589 1622 705 1687 licitum
733 1623 856 1698 existit,
888 1642 954 1695 curn
995 1622 1072 1698 lum,
1093 1623 1168 1704 qaod
1186 1623 1278 1688 nullut
1296 1622 1438 1689 bominum
1456 1626 1568 1690 domare
1582 1629 1690 1711 potest.
1724 1632 1787 1692 Un-

164 1705 351 1770 mendacium
372 1706 407 1772 fit
428 1702 582 1770 intrinsece
601 1707 741 1780 malunt,
777 1704 808 1767 br
828 1704 848 1765 st
869 1703 955 1768 stt-in
996 1702 1031 1767 de
1061 1707 1112 1784 qui
1135 1704 1291 1769 detrabunt
1320 1728 1356 1770 er
1385 1708 1508 1771 naturali
1545 1709 1659 1792 impetu
1691 1729 1787 1793 ptavae
1811 1730 1847 1789 14

162 1788 288 1852 materia
308 1788 411 1869 gravi,
504 1803 584 1850 atum
606 1786 758 1858 mortale;
789 1784 874 1848 Unde
895 1806 954 1849 me·
995 1782 1238 1860 consuetudinis,
1272 1786 1305 1849 br
1339 1786 1524 1871 loquacitatis
1563 1789 1667 1873 absque
1706 1791 1790 1854 omni

163 1867 223 1932 rito
254 1869 409 1934 lnnocent.
460 1871 483 1930 l.
505 1866 552 1930 die
584 1889 612 1930 a.
633 1863 744 1930 Martii
780 1867 866 1949 1679.
898 1884 955 1929 tres
999 1864 1178 1930 advertentia
1207 1866 1243 1928 ad
1275 1867 1413 1932 damnum
1466 1871 1602 1947 roximi,
1635 1891 1693 1934 non
1725 1892 1789 1952 pec-

164 1946 313 2044 sequentes
332 1946 542 2015 condemnavit
584 1948 801 2031 roposniones‚
833 1967 957 2032 quarum
998 1964 1067 2009 cant
1088 1945 1254 2011 mortaliter
1275 1948 1305 2011 in
1327 1949 1389 2033 ipso
1410 1889 1496 2028 ailo,
1529 1952 1598 2016 licet
1618 1970 1738 2036 peccent
1758 1953 1790 2016 in

163 2049 246 2112 petor
267 2030 298 2093 in
318 2028 421 2097 ordine
442 2051 492 2112 30.
510 2029 547 2092 fic
562 1966 676 2093 babet:
699 2032 756 2090 Fas
775 2028 812 2107 est
827 2032 893 2090 vire
910 2026 958 2092 be
998 2024 1047 2091 sua
1067 2027 1179 2103 mulla,
1202 2024 1312 2094 scilicet
1332 2029 1392 2114 ipsa
1414 2031 1491 2095 mala
1510 2031 1713 2098 consuetudine
1732 2054 1786 2098 vo·

163 2131 257 2176 noram
275 2116 396 2176 occidere
415 2112 589 2191 monstrem,
609 2114 660 2192 qui
669 2114 772 2173 nititur
789 2111 958 2173 calumniam
998 2108 1123 2173 luntarie
1153 2108 1327 2188 contrella,
1358 2112 1391 2175 a
1420 2130 1562 2191 retenta,
1595 2116 1677 2188 juxta
1705 2135 1789 2197 gene·

75 2260 79 2265 ¹
165 2193 287 2269 inferre,
303 2193 334 2269 β
349 2194 433 2255 aliter
450 2191 507 2256 bec
527 2196 678 2276 igernninia
709 2194 799 2254 ve'tari
828 2196 956 2274 nequir.
999 2188 1089 2253 talem
1124 2190 1252 2272 regulam
1282 2192 1480 2258 communiret
1510 2195 1649 2258 traditam
1679 2215 1697 2257 a
1727 2195 1789 2259 Do·

168 2271 276 2335 Altera
303 2271 404 2336 ordine
432 2293 483 2354 43.
503 2274 540 2335 stc
569 2270 680 2336 sonat:
709 2273 824 2355 Quidni
852 2271 962 2347 nonnessl
998 2270 1124 2335 noiibus
1145 2272 1176 2335 in
1205 2272 1329 2337 materia
1356 2273 1392 2339 de
1422 2276 1552 2360 peccatis
1583 2299 1618 2340 ea
1639 2274 1789 2341 consuetu·

167 2354 277 2416 veniale
292 2351 333 2429 fic
351 2351 534 2418 Denabentis
550 2351 741 2416 nebeim
774 2376 821 2414 ma
919 2352 958 2427 sn
998 2350 1085 2416 dine.

166 2432 199 2494 bi
217 2438 330 2498 noxiam
341 2435 421 2514 salflr
438 2438 556 2497 erimine
574 2434 675 2496 elidere
697 2440 710 2491 r
738 2432 783 2497 Et
802 2433 861 2496 aia
880 2431 956 2496 ordi·
1039 2432 1178 2498 Resolvea
1198 2433 1338 2513 secundo,
1360 2435 1438 2516 quod
1458 2437 1568 2505 desediu
1588 2436 1714 2503 materia
1758 2458 1787 2501 a·
1813 2459 1846 2521 ις

165 2532 204 2576 ne
223 2535 274 2591 ⁴4·
294 2514 332 2575 lic
350 2516 442 2577 dicit:
465 2511 614 2577 Probabile
632 2514 668 2593 esl
685 2537 738 2576 noa
754 2532 868 2596 peccare
888 2534 958 2583 mor·
999 2513 1046 2577 vis
1064 2513 1204 2577 detraliio
1224 2517 1323 2579 evadit
1344 2514 1438 2581 solum
1515 2539 1612 2584 catum
1646 2518 1789 2584 veniae.

159 2593 279 2754 pelini,
292 2597 351 2753 pai
368 2596 486 2681 imponit
507 2595 616 2675 salfion
650 2598 753 2659 crimen
780 2595 894 2670 alicui,
924 2614 956 2657 ut
997 2595 1027 2659 Si
1048 2593 1125 2658 enirn
1148 2596 1220 2658 levis
1241 2596 1276 2658 fit
1295 2597 1435 2673 materia,
1481 2621 1515 2664 re
1539 2601 1568 2664 in
1589 2599 1617 2666 se
1637 2598 1794 2678 absolute,

179 2697 245 2737 caen
318 2700 328 2735 ι

262 2699 296 2757 pa
329 2678 428 2753 riam,
461 2676 502 2742 d)
520 2675 648 2740 benaein
675 2675 841 2756 desenlm
876 2676 959 2754 Etsi
996 2676 1055 2738 five
1085 2674 1184 2736 habita
1217 2674 1331 2739 ratione
1364 2677 1592 2743 circumstantia·
1624 2677 1749 2765 personae
1778 2721 1790 2758 ,

164 2753 215 2821 bne
236 2779 288 2819 non
307 2756 343 2836 eii
360 2756 528 2840 probabili,
549 2762 604 2825 vir
624 2761 677 2823 erit
697 2761 789 2845 opinio
801 2756 957 2842 probabilis
997 2754 1105 2834 utique,
1117 2751 1297 2818 excusabitur
1316 2777 1335 2819 a
1363 2759 1513 2837 mortali,
1546 2762 1578 2824 δι
1605 2761 1711 2825 evadet
1739 2783 1790 2826 ve

139 2839 196 2901 ,in
217 2835 389 2934 Theolopia,
410 2841 480 2922 (a)
914 2833 920 2856 ⁸
994 2831 1072 2897 niale
1093 2857 1127 2898 ert
1148 2836 1295 2918 parvitate
1317 2840 1473 2920 materiae,
1504 2839 1585 2908 stcuri
1616 2840 1648 2905 in
1679 2842 1789 2907 caeterit

27 2995 28 2998 Ἴ
106 2937 144 2979 12
208 2917 358 2984 Detrafito
381 2942 438 2985 non
458 2919 658 2998 calumnians,
680 2917 726 2984 sed
745 2917 873 2983 revelans
891 2932 955 2979 tan-
995 2915 1123 3056 peccatia
1144 2915 1322 2983 versantibus
1342 2920 1450 2984 circam
1474 2921 1627 2988 materiam
1662 2922 1789 2987 divisibi-

27 3053 30 3092 ἱ
164 3017 229 3064 tum
249 3043 259 3075 ,
281 3020 340 3082 qua
358 3001 597 3067 alteriusvemm
618 3044 628 3076 ‚
653 2996 709 3080 ,sed
729 2997 877 3063 occultum
899 2997 954 3061 cri·
1007 2996 1106 3059 emin
1129 2996 1297 3074 leverim&
1318 3019 1468 3082 gravem,
1499 3005 1581 3078 iuxta
1599 3019 1789 3068 communem

162 3102 232 3145 men
254 3083 407 3164 proditur,
427 3084 466 3145 eil
485 3098 636 3159 peccatum
657 3080 802 3156 mortale,
822 3093 832 3110 ·
853 3096 958 3145 uatuor
997 3076 1160 3144 mdiorum
1182 3078 1355 3146 sententiam
1376 3082 1413 3145 in
1430 3085 1552 3148 materia
1581 3086 1617 3148 de
1698 3084 1790 3148 catis.

163 3161 422 3238 concurrentibus,
443 3162 599 3235 videlicet3
620 3160 722 3228 Primo
744 3162 796 3240 ,ss
852 3161 885 3226 sit
905 3181 957 3228 vo·
998 3157 1118 3224 Levites
1139 3178 1261 3238 actem,
1281 3162 1314 3225 bc
1333 3165 1462 3246 gravitas
1482 3166 1609 3230 materia
1658 3164 1789 3229 errailio·

164 3241 323 3305 lanterium
354 3242 537 3328 perseiium3
568 3244 716 3320 Soemdb,
749 3245 873 3309 materia
893 3263 955 3340 gra·
996 3239 1043 3306 nit
1063 3241 1176 3305 attendi
1205 3242 1309 3306 debent
1342 3244 1522 3327 potissimum
1554 3267 1588 3310 er
1618 3247 1790 3318 conditione

168 3322 230 3386 vit:
250 3324 374 3401 Tertio,
396 3328 453 3390 Res
471 3324 611 3398 occultat
631 3328 778 3404 Quarto,
811 3324 957 3400 lnjnslttia
997 3320 1845 3464 perimmpuairfanamr,qurefieripoten,ut16
1884 3349 1916 3418 ρ

169 3401 333 3470 revelandi.
354 3408 412 3470 Hit
431 3407 681 3485 conditionibus,
708 3406 837 3472 reluta
857 3425 955 3471 earum
996 3403 1139 3467 narrando
1178 3402 1282 3467 efectus
1302 3403 1423 3478 alicuius
1444 3406 1537 3471 solum
1558 3410 1684 3473 vernales
1707 3449 1716 3485 ,
1737 3407 1786 3470 vel

170 3480 334 3562 deficiente,
356 3488 468 3552 eradit
484 3508 635 3578 peccatum
664 3485 779 3553 veniale
793 3489 822 3566 ’,ι
838 3506 888 3554 aur
908 3509 955 3553 ex·
996 3486 1086 3549 etiam
1109 3483 1270 3560 naturales,
1292 3483 1416 3568 spellata
1437 3488 1630 3565 conditione,
1663 3491 1694 3551 ἃ
1714 3487 1788 3551 statu

169 3564 283 3630 culatttr
303 3569 422 3635 omnino
435 3589 601 3654 apeccato.
623 3569 857 3649 attaminans.
878 3570 957 3633 Hinc
998 3566 1077 3631 illius
1096 3587 1185 3649 grave
1204 3565 1345 3632 damnum
1364 3570 1430 3650 quis
1450 3568 1583 3648 inserat,
1613 3572 1645 3634 br
1665 3570 1702 3665 stc
1722 3588 1785 3651 gra·

342 3663 362 3704 ὕ
577 3681 593 3696 ··
1365 3677 1368 3686 ’
1672 3666 1751 3716 vtter

211 3812 282 3894 (a)
304 3817 381 3876 Nota
398 3833 431 3877 eet
450 3817 531 3880 Edit.
554 3821 640 3881 Romi
660 3817 737 3892 17⁶6
759 3815 808 3883 Ad
828 3814 1013 3883 coercendam
1033 3810 1203 3880 detrahendi
1222 3810 1389 3890 licentiam,
1412 3809 1581 3898 respuendas
1598 3833 1633 3875 ue
1671 3831 1787 3874 uorum-

166 3892 235 3956 dam
258 3893 441 3959 casuistarum
461 3896 631 3974 sententias,
655 3901 706 3983 pio
727 3899 837 3964 antean
859 3899 936 3982 legat
956 3894 1134 3962 Christianus
1154 3911 1241 3979 caput
1265 3918 1292 3979 3.
1314 3896 1345 3959 δι
1364 3918 1394 3972 4.
1418 3896 1509 3979 Epill.
1529 3894 1586 3990 flat
1611 3938 1619 3988 3
1643 3833 1788 3988 §.Jacobi

169 3975 328 4059 Apostoli,
351 3993 502 4059 teneatque
522 3978 595 4044 banc
617 3980 655 4043 D.
677 3979 807 4045 Thoma
822 3980 1005 4044 dodininam:
1027 3981 1060 4040 si
1078 3976 1184 4052 verba,
1204 3997 1255 4060 per
1274 3998 1338 4060 qua
1358 3974 1435 4039 sama
1455 3977 1571 4039 alterius
1590 3974 1786 4048 drmmurtur,

169 4054 296 4139 proferat
317 4056 425 4139 aliquis
445 4076 561 4142 propter
573 4061 697 4159 ¹aliquod
718 4063 837 4158 bpnum·
849 4060 1052 4133 necessarium,
1071 4058 1175 4122 debitis
1196 4056 1418 4156 circumstantiis
1438 4056 1626 4132 observatis,
1657 4075 1716 4118 non
1747 4054 1787 4116 est

168 4141 609 4302 uibsmrn‘nrirlrl?
622 4133 1790 4308 lninissnl‘lnssllsnstrilltlnf‘rllrullffi‘sfrllr

172 4321 277 4381 grave,
299 4304 377 4383 qood
401 4302 570 4368 notabiliter
590 4304 698 4367 samam
710 4304 840 4380 alicujus
862 4307 962 4379 laedat,
985 4304 1015 4367 δι
1057 4304 1177 4387 racipue
1200 4306 1228 4365 in
1252 4302 1313 4378 sris,
1335 4322 1398 4385 qua
1419 4300 1572 4397 pertinent
1602 4301 1638 4362 ad
1660 4296 1787 4360 bonella-

170 4383 350 4458 temnite,
382 4384 452 4465 quia
481 4385 538 4447 boc
569 4408 603 4449 er
636 4385 697 4468 ipso
719 4409 820 4469 genere
849 4390 1002 4452 verborum
1036 4323 1124 4448 labet
1144 4385 1287 4450 rationem
1355 4381 1688 4477 ccattmortalrsisum.
1704 4397 1732 4437 a.
1757 4396 1785 4437 a.

170 4462 259 4544 quaeil.
270 4486 320 4547 73.
343 4489 371 4527 a.
384 4487 412 4530 a.
435 4466 500 4530 Nec
523 4466 691 4545 ignorantia
712 4486 742 4531 re
763 4467 876 4532 excusat
898 4469 959 4551 (ab
978 4463 1158 4549 obligatione
1178 4467 1309 4535 restitueu
1330 4465 1364 4547 i)
1387 4465 1408 4530 sr
1429 4460 1498 4530 scire
1516 4462 1635 4529 debunt
1654 4479 1690 4524 ea
1712 4455 1789 4524 facto

171 4561 225 4611 tuo
246 4544 382 4620 iniuriam
403 4547 601 4616 verisimiliter
620 4549 698 4636 posse
719 4550 886 4633 contingere
906 4550 953 4618 vel
974 4549 1133 4627 jasturam,
1801 4583 1805 4584 ν
