4075 5275
295 170 377 253 ,ae
563 104 1527 213 arsamostum

233 249 382 321 contnuo
423 242 580 308 admodum
617 251 741 318 gravata
778 226 1019 322 reperiebantur,
1062 219 1192 307 pluribus
1211 219 1336 315 abhinc
1358 220 1458 319 lionis
1477 224 1517 284 ob
1535 223 1723 305 presentium
1749 216 1867 322 tempo.

233 340 311 397 ident
332 328 466 393 Urbanus
490 320 670 388 Pradecessor
693 312 884 384 Pauiuchrs,
914 305 1022 367 Archi·
1063 324 1129 369 rum
1152 301 1351 377 calamrtates,
1377 324 1419 366 tta
1440 323 1540 367 tenues
1563 306 1640 384 snt,
1663 331 1700 375 ur
1720 332 1869 399 «ponan-

234 412 394 497 episcopis,
418 407 588 493 Episcopis,
610 401 641 464 δι
661 397 726 459 aliis
746 390 878 455 locorum
897 384 1022 481 Ordina-
1062 404 1108 450 tes
1129 381 1257 467 praedicti
1276 383 1489 465 necessitatibus
1510 386 1675 461 hujusmodl
1700 399 1805 479 pauo
1826 399 1869 463 es,

235 499 304 569 riis,
327 513 379 554 nec
401 512 458 553 nau
478 479 695 554 omuibuw&
713 471 843 556 fillgltlss'
872 488 1024 565 {losumlls
1064 466 1284 563 ftfleqwut‚
1316 487 1355 563 ac·
1380 482 1536 549 propterea
1565 490 1728 555 opportune
1759 479 1811 542 srbi
1834 480 1868 545 itt

234 576 380 639 Ordinum
402 615 412 645 ,
434 563 732 648 Congregationum,
766 556 798 618 δι
820 555 855 615 ln
880 567 1024 615 rtutotum
1063 546 1214 635 praemissu
1232 569 1253 609 a
1273 550 1372 612 Nobis
1393 549 1573 631 prouideri,
1606 554 1634 617 a
1664 579 1696 631 ur
1718 558 1794 623 infra
1817 561 1865 625 in.

178 698 183 705 ·
234 653 424 738 Regulariur'o
446 645 634 711 Generalibus
653 635 860 708 commiserit,
890 632 922 695 ἃ
942 648 1024 693 ruan-
1063 630 1177 713 dulgeri
1197 628 1380 713 summopere
1399 632 1588 698 desiderent:
1621 643 1685 703 lslos
1715 642 1792 725 ipsos
1808 668 1865 709 εχ.

235 735 366 810 daverit,
387 748 421 795 ut
442 730 477 792 ad
498 728 594 789 minus
615 723 723 786 duabus
752 717 866 784 vicibus
894 712 1028 806 quolibet
1108 729 1207 774 nentes
1229 707 1397 794 specialibus
1417 713 1589 793 favoribus,
1625 722 1656 783 ur
1677 725 1778 804 gratiis
1798 746 1865 808 pro·

236 826 349 891 Anno,
371 811 547 885 Adventus,
569 809 600 871 dt
620 800 849 898 Quadragesima
869 797 1027 889 Tempori-
1068 733 1153 886 Em,
1168 791 1329 885 volentes,
1360 794 1391 855 a
1420 814 1521 894 eorum
1553 800 1709 884 firrgulares
1730 805 1866 872 Personas

238 907 310 976 bus,
332 916 395 961 tarn
417 914 467 978 per
489 889 580 954 Verbi
602 886 726 949 Domrnt
748 882 965 975 predicatores,
995 895 1028 936 ru
1068 871 1616 972 aqmbusutsercotnmunrcanonis,
1648 883 1868 1028 suspensionis,

239 985 297 1048 suis
318 976 403 1043 sacris
423 970 620 1039 Concionibus
640 1011 650 1043 ‚
669 985 759 1048 qrtanr
782 984 813 1025 tn
833 959 1026 1031 asiroorbus,
1069 958 1100 1021 dt
1120 954 1265 1050 tntetdrslr
1285 1003 1295 1035 ‚
1320 957 1440 1052 altisque
1462 961 1666 1030 Ecclesrallicis
1702 967 1866 1045 enteotiis,

239 1068 272 1129 δι
288 1057 486 1125 unctioribus
503 1049 645 1138 publicis,
665 1044 842 1111 necessrtates
860 1039 1030 1131 eorumdem
1070 1034 1213 1113 censuris,
1236 1039 1267 1099 ts
1288 1046 1382 1122 poeuts
1403 1052 1422 1103 a‘
1440 1044 1522 1120 iure,
1543 1046 1592 1108 vel
1606 1048 1645 1111 ab
1658 1048 1786 1112 homine
1799 1067 1868 1132 qua..

239 1142 410 1208 Sanslorum
431 1136 695 1199 Monumenrorum
726 1124 840 1209 Populo
872 1140 1029 1214 propunt,
1072 1122 1119 1187 vis
1138 1119 1303 1213 occasune,
1328 1121 1373 1185 vel
1394 1122 1477 1187 eausa
1498 1125 1584 1202 laris,
1616 1131 1637 1192 sr
1666 1132 1775 1211 quibus
1793 1150 1866 1212 quo·

240 1228 273 1291 δι
292 1217 490 1290 commendati
511 1229 663 1287 curarent,
684 1211 714 1273 dt
734 1207 881 1274 sacetent3
902 1200 1032 1276 stabas,
1075 1201 1237 1265 modolrber
1259 1202 1405 1266 innodata
1426 1207 1567 1282 exiliunt,
1589 1210 1777 1276 adeffestum
1800 1232 1867 1295 ρη.

242 1322 350 1393 prout
380 1302 410 1365 iu
432 1299 517 1443 ipsus
542 1292 652 1358 Urbani
675 1286 883 1354 Ptaedecessoris
913 1280 1034 1345 Litteris
1074 1282 1197 1348 sentium
1219 1283 1373 1347 dumtaxat
1393 1285 1655 1369 consequendum,
1689 1294 1796 1357 harum
1829 1291 1869 1359 se·

242 1387 360 1467 desuper
382 1383 411 1444 in
444 1378 519 1442 tmili
539 1376 634 1442 forma
656 1372 756 1437 Buris
786 1369 833 1432 die
857 1389 885 1449 3.
908 1364 1033 1428 Febrm·
1074 1368 1116 1429 tie
1135 1363 1348 1443 absolventes,
1379 1368 1410 1429 or
1429 1367 1571 1432 absolutas
1596 1370 1662 1437 sote
1689 1374 1872 1453 censeam,

243 1471 280 1535 rii
301 1462 542 1530 MDcxxxrv.
563 1455 705 1539 expeditis
726 1498 736 1529 ,
754 1470 880 1534 quarum
901 1462 1033 1509 montem
1075 1445 1331 1529 supplicationibus
1360 1471 1462 1511 eorum
1493 1452 1613 1517 nomine
1648 1456 1747 1519 Nobis
1787 1455 1870 1537 super

241 1546 425 1636 presentibus
445 1563 534 1628 proe
576 1537 643 1603 tesso
664 1533 761 1600 haberi
783 1532 943 1622 volumus,
966 1528 1034 1621 ube·
1075 1528 1131 1590 boc
1153 1526 1305 1621 bomilirer
1325 1531 1459 1612 porrestis
1481 1532 1636 1612 inclinati,
1665 1537 1868 1614 Puriauhis,

244 1632 304 1695 tius
324 1627 518 1693 continetur.
569 1620 670 1683 tsrcur
692 1638 745 1699 pto
765 1631 848 1697 pane
881 1608 979 1670 duem
1001 1605 1034 1667 fi·
1078 1607 1341 1703 Arcureuiscouim
1371 1610 1556 1695 Episcopo,
1589 1618 1620 1680 or
1650 1618 1715 1681 aliis
1735 1618 1871 1683 lucorum

243 1715 279 1776 lii
300 1707 431 1773 moderni
452 1699 648 1768 Commillarii
670 1695 820 1763 Generalis
845 1690 943 1756 Tetra
964 1692 1034 1749 San·
1075 1689 1257 1765 Ordrnarns,
1280 1714 1330 1753 nec
1352 1714 1410 1755 non
1431 1695 1585 1771 omnibus,
1608 1699 1639 1760 dr
1656 1700 1771 1783 fingulis
1789 1722 1867 1781 quo·

245 1795 297 1855 sla
319 1789 415 1853 Nobis
435 1805 525 1869 nuper
545 1780 705 1865 expositum
735 1775 821 1846 suit,
854 1771 944 1857 ipses
973 1790 1035 1850 tll¹⁰
1077 1771 1188 1832 ‘mullis
1209 1772 1372 1848 Ominum,
1396 1775 1692 1857 Covffugariunum,
1724 1783 1754 1845 dr
1786 1781 1872 1844 lulli·

245 1870 369 1959 ptaesatae
390 1865 501 1931 Urbani
525 1857 729 1926 Praedtcessoris
753 1855 905 1926 Littera,
936 1866 1038 1932 quaa
1078 1870 1211 1915 tutorum
1235 1856 1425 1929 segalatium
1443 1857 1630 1930 Generaliblrs
1660 1881 1715 1944 per
1771 1863 1870 1927 caseu-

246 1976 304 2020 rec.
327 1972 416 2017 mern.
440 1944 612 2013 innocentio
641 1943 679 2003 X:
702 1938 856 2003 Clemente
885 1936 923 1995 Χ
949 1935 1036 1995 lnno·
1078 1952 1121 1998 tus
1140 1936 1375 2011 committimus,
1398 1940 1430 2001 dt
1450 1941 1631 2015 nutriamus,
1657 1962 1691 2001 ru
1708 1883 1768 2003 as

246 2034 344 2105 centio
364 2033 420 2094 Xl.
445 2025 612 2092 Alexandro
642 2023 734 2084 Vlll.
760 2023 932 2098 lnnocetttro
961 2016 1037 2078 ΧΗ.
1077 2039 1197 2098 quatuor
1218 2016 1468 2099 vicibusquosbet
1493 2045 1584 2097 auno,
1617 2023 1785 2097 Adventus,
1821 2029 1865 2088 c)

247 2116 403 2180 Clemente
425 2105 685 2175 XI..lunocentio
704 2101 804 2163 lllll.
826 2104 856 2159 dr
884 2097 1038 2160 Clemente
1079 2098 1306 2179 Quadragessmae
1328 2101 1524 2184 Tunpou'bus,
1544 2119 1604 2164 tarn
1624 2124 1672 2187 per
1688 2106 1778 2168 Verbi
1801 2103 1862 2169 Dei

245 2200 320 2261 xll.
343 2193 485 2257 Romanis
507 2188 723 2261 Pontificibus,
758 2182 865 2266 pariter
888 2177 1037 2241 l'taedeces-
1079 2181 1313 2255 predicatores,
1354 2183 1383 2244 in
1418 2182 1473 2245 suis
1505 2185 1596 2246 Sacris
1630 2186 1824 2250 Contionibus
1850 2230 1863 2263 ,

250 2279 360 2343 soribns
389 2273 503 2338 Nuslris
531 2269 707 2334 confirmata
736 2264 882 2336 fuerunt,
913 2259 1040 2324 crassius
1079 2283 1167 2344 quarn
1191 2262 1221 2323 in
1241 2261 1392 2402 ‹poibusvis
1411 2264 1476 2326 aliis
1497 2264 1677 2340 asliouibxs,
1699 2269 1730 2327 δι
1746 2265 1870 2327 sunslio·

248 2359 464 2431 observentur,
489 2353 552 2414 illas
574 2372 623 2430 per
645 2369 697 2410 nos
717 2349 808 2410 etiam
841 2338 1039 2417 confirmari,
1081 2343 1165 2406 nibus
1187 2342 1245 2426 pub
1259 2345 1328 2420 tcis,
1348 2345 1525 2409 necessitates
1545 2345 1670 2417 eiusdem
1690 2349 1787 2409 Tetra
1805 2346 1875 2405 San·
1949 2392 1960 2401 .

138 2476 143 2486 «
249 2443 281 2506 δι
302 2438 435 2502 innovari
457 2435 621 2502 desudaret,
653 2429 718 2489 Nos
746 2426 913 2490 eorumdem
941 2425 1040 2487 Sacro·
1081 2423 1132 2485 sia
1153 2425 1308 2507 proponi,
1335 2427 1588 2491 &commendari
1611 2447 1743 2498 curent,
1774 2426 1806 2487 δι
1834 2421 1876 2487 fa.

249 2542 314 2584 rum
337 2520 602 2579 Monumentorum
623 2508 854 2582 conservationi,
886 2508 917 2569 bt
941 2527 1040 2568 manu·
1081 2506 1180 2568 dant.
1204 2508 1252 2568 Ac
1273 2505 1321 2569 ins
1374 2530 1404 2582 r,
1428 2525 1461 2570 nt
1483 2507 1695 2571 parochialium
1716 2507 1873 2581 uectores,

250 2601 377 2666 tentioni
397 2595 542 2661 consulere
573 2593 735 2664 volentes,
766 2589 911 2673 pradislas
929 2585 1041 2651 Urbani
1082 2587 1263 2668 taliacunque
1274 2589 1463 2653 &castarum
1486 2589 1744 2654 Administratores
1764 2608 1875 2663 unum,

252 2679 459 2746 Ptadecelloris
501 2678 623 2738 Litteras
662 2671 833 2735 auslotirare
873 2669 1043 2756 Apostolica
1083 2670 1130 2734 seu
1151 2668 1276 2752 plures,
1311 2671 1392 2736 vitos
1414 2671 1517 2753 probos
1536 2671 1571 2733 ad
1592 2671 1769 2755 colligendas
1789 2670 1876 2733 Elee-

252 2782 351 2828 tenore
374 2758 556 2841 presentium
567 2754 775 2818 confirmamus
795 2754 920 2837 pariter,
943 2753 1042 2834 &ap-
1085 2749 1220 2834 mosynas
1241 2750 1404 2826 hujusmodi
1427 2755 1458 2815 in
1478 2774 1576 2818 earum
1597 2754 1732 2816 Ecclestis
1762 2752 1878 2814 {laturis

251 2845 434 2928 probamus,
467 2837 584 2918 illasque
606 2838 808 2908 innovamus,
845 2835 876 2895 bt
896 2831 1043 2895 observati
1082 2833 1183 2896 diebus
1203 2833 1370 2914 deputent,
1403 2835 1456 2917 qui
1478 2834 1574 2898 slatirn
1606 2857 1638 2898 ac
1667 2831 1877 2914 Eleemosynat

253 2927 456 2987 mandamus.
489 2920 633 2982 Volumus
654 2935 753 2982 autem
783 2933 816 2978 ut
838 2913 1041 2990 Parriarclrae,
1081 2912 1217 2976 collesias
1237 2915 1375 2979 insutum
1399 2917 1532 2979 manibus
1550 2918 1716 2999 confignare
1736 2916 1874 2989 debeant,

251 3002 494 3086 Archiepiscopi,
517 3002 547 3063 dt
570 2999 706 3083 Episcopi
727 2996 853 3081 pradisli
877 2996 906 3057 in
928 2992 1044 3058 relatio-
1085 2995 1116 3058 dt
1135 2993 1264 3069 faciam
1285 2997 1338 3077 qui
1359 2996 1458 3080 elapsrs
1481 2998 1661 3073 Adventus,
1694 3002 1724 3062 dr
1746 2996 1873 3071 Quadra·

253 3110 292 3150 ne
310 3087 397 3147 slatus
417 3082 606 3147 Ecclesrarum
637 3078 777 3155 suarum,
809 3077 927 3158 quaudo
947 3076 1045 3139 vilita-
1085 3075 1197 3159 gesrotae
1215 3077 1411 3160 Temporibus
1432 3078 1467 3141 ad
1492 3080 1799 3164 proptios'Ordinatios
1820 3099 1870 3160 pe·

251 3170 324 3231 bunt
345 3166 448 3227 limina
472 3170 497 3226 Α
523 3163 679 3226 ollolorrun
697 3205 706 3236 ,
727 3160 887 3233 socienda,
923 3154 1046 3221 reserant
1085 3159 1203 3219 cuniam
1226 3158 1276 3221 srbi
1304 3160 1500 3242 consignatam
1530 3161 1685 3225 transmitti
1717 3160 1871 3230 debeant,

253 3248 282 3312 se
304 3247 443 3328 pradislis
463 3184 573 3308 Urbani
607 3243 811 3305 Prudecessoris
842 3237 961 3303 Litteris
996 3260 1044 3320 pa·
1086 3241 1117 3304 δι
1139 3237 1264 3315 saciant,
1287 3240 1337 3321 qui
1357 3242 1458 3324 elapsrs
1481 3242 1650 3319 Adventus,
1680 3243 1711 3305 dt
1739 3241 1874 3314 Quadra·

255 3328 357 3400 ruisse,
378 3326 530 3387 contrariis
539 3345 597 3385 non
607 3324 783 3385 obstantibus
800 3319 1046 3403 quibuscumque:
1085 3321 1198 3412 gasimae
1218 3321 1414 3405 Temporibus
1435 3324 1470 3386 ad
1491 3325 1621 3407 proprios
1633 3322 1804 3384 ordinarios
1825 3339 1877 3403 pe-

252 3407 389 3472 uolumus
419 3404 558 3488 insuper,
601 3422 633 3465 ut
667 3404 832 3465 earumdem
864 3400 1046 3484 presentium
1084 3403 1204 3464 cuniam
1225 3403 1277 3464 obi
1308 3406 1505 3487 consignatum
1533 3403 1690 3468 transmitti
1719 3402 1874 3475 debeant,

252 3485 466 3567 transumptis,
500 3483 588 3550 etiam
612 3481 781 3566 impressus,
815 3504 903 3544 manu
923 3484 1045 3554 alicuius
1084 3482 1211 3578 dislique
1229 3483 1380 3548 Ordinarii
1412 3508 1478 3552 eam
1500 3486 1632 3570 Synclicis
1662 3486 1693 3547 in
1713 3504 1813 3547 earum
1835 3502 1877 3545 re·

253 3568 376 3630 Notarii
399 3566 507 3646 publici
528 3563 711 3648 subscriptis,
747 3566 778 3627 or
807 3563 900 3646 sigillo
920 3563 1044 3646 persone
1071 3563 1209 3648 (speblrve
1233 3565 1407 3631 Dioecesrbus
1427 3568 1463 3631 ad
1484 3568 1540 3630 boc
1560 3568 1707 3653 deputaris
1727 3566 1875 3646 consigna·

255 3650 288 3716 in
309 3648 505 3712 Ecclefiallica
533 3646 676 3727 dignitate
702 3645 864 3708 conllitutae
893 3644 1044 3723 munitis,
1088 3650 1112 3707 ri
1132 3647 1254 3722 curent,
1276 3648 1307 3710 dt
1327 3646 1457 3728 saciant,
1480 3648 1593 3714 serrata
1613 3647 1643 3710 in
1668 3646 1786 3730 reliquis
1806 3665 1877 3729 ptae-

255 3728 354 3794 eadent
377 3727 490 3813 prorsus
512 3725 581 3791 fides
603 3727 631 3788 in
654 3726 789 3802 jndicio,
812 3727 843 3789 dr
862 3743 946 3788 extra
965 3727 1044 3789 adhi·
1086 3727 1226 3791 uictarum
1249 3727 1426 3795 Litterarum
1449 3730 1570 3809 forma,
1600 3730 1631 3792 &
1659 3728 1843 3813 disposrtione
1866 3768 1876 3801 ,

257 3814 377 3885 beatur,
399 3831 463 3890 qua
485 3808 667 3894 presentibus
689 3810 754 3891 ipsrs
783 3808 991 3884 adhiberetur,
1025 3809 1046 3870 st
1085 3809 1257 3876 undositate
1280 3811 1451 3894 Apostolica
1471 3830 1573 3876 tenore
1592 3809 1798 3893 presentium,
1821 3828 1876 3871 vo·

253 3891 349 3956 sorent
370 3892 534 3966 exhibita,
565 3889 611 3954 uel
632 3889 771 3953 ollensrc.
802 3889 913 3954 Datum
942 3891 1045 3953 Roma
1086 3891 1200 3964 turnus,
1223 3891 1423 3974 precipimus,
1446 3897 1478 3958 dr
1497 3894 1692 3966 ordinamus,
1727 3887 1882 3956 contrariis

163 4013 164 4016 =
251 3970 1045 4126 iiiiii&,Isaisaiaisiaiifaiciiitiiiiii
1086 3992 1147 4115 pon
1168 3973 1347 4118 obsgpntibus
1365 3973 1624 4058 quibuscumque.
1658 3973 1807 4038 Volumus
1834 3971 1881 4031 in·

537 4098 545 4115 .
912 4096 922 4115 .
988 4075 1046 4115 nr·
1101 4075 1117 4115 u
1157 4074 1170 4113 t
1259 4100 1269 4118 .
1323 4099 1327 4106 ,
1547 4085 1549 4094 ·

254 4132 355 4197 licatrrs
376 4136 464 4198 uollri
486 4137 577 4197 Anno
598 4133 718 4196 Primo.
742 4137 779 4195 D.
795 4133 959 4197 Cardinalis
980 4134 1044 4198 Pas-
1119 4074 1348 4200 pliniumcrtuma
1371 4137 1448 4222 apud
1466 4139 1599 4203 seusiam
1620 4143 1748 4202 Illuciam
1782 4133 1883 4215 Majo-

256 4217 382 4277 riunena.
405 4217 486 4279 Loco
508 4216 545 4292 rit
571 4214 684 4298 Annali
702 4213 872 4278 Piscatoris.
894 4216 973 4279 Cum
994 4239 1044 4281 au·
1084 4237 1142 4278 tem
1167 4218 1222 4298 sub
1256 4218 1367 4284 :sunau
1400 4221 1551 4300 Piscatoris
1580 4221 1627 4283 dr'e
1659 4227 1729 4296 XX.
1764 4213 1885 4301 Augusti

254 4314 317 4360 tem
339 4296 407 4390 ficut
428 4297 525 4360 dilesli
547 4295 598 4357 filii
612 4296 752 4366 umderni
782 4296 982 4372 Procurator,
1013 4300 1045 4362 dt
1086 4300 1324 4410 MPCCXLHI.
1346 4302 1527 4382 Pontuscatas
1547 4303 1629 4381 nasto·
1652 4308 1730 4365 Anno
1764 4301 1883 4362 Tertio.

253 4377 473 4442 Commtllarius
504 4376 654 4442 Generalis
684 4379 781 4441 Terra
812 4376 919 4441 sanuae
949 4377 1044 4453 hujus·
1131 4417 1135 4426 .

254 4459 338 4522 modi
362 4459 457 4522 Nobis
477 4477 567 4540 nuper
587 4457 693 4539 erponi
716 4456 871 4532 feceruut,
905 4460 974 4522 licet
994 4483 1043 4524 ne·
1323 4468 1381 4534 1²10
1404 4467 1536 4533 Domino
1557 4466 1646 4530 Card.
1669 4462 1840 4528 passioneo.

254 4540 395 4605 cessrtates
413 4542 512 4604 Terra
532 4539 638 4601 Sausiae
660 4539 797 4617 pradisiae
817 4541 989 4623 proposrtae,
1011 4544 1043 4603 dt

254 4624 464 4690 commendate
493 4620 578 4698 fior,
619 4619 809 4709 nihilominus
841 4617 1041 4704 Eleemosynae
1487 4632 1641 4717 cajetanus
1659 4636 1800 4697 Amatur.

1748 4709 1843 4775 aaut·
1966 4759 1975 4791 ,

1770 1948 1903 2005 mmo-
