4075 5275
472 140 1178 258 ExcoMMUNicATIO,
1216 151 1349 243 'AarL
1370 153 1452 246 iii.
1604 155 1728 279 ‘387

115 290 152 334 12
170 260 401 344 excommunicat.
423 255 528 331 Major
548 259 586 322 ell
606 258 720 322 censura
748 260 961 338 Ecclesiastica,
1003 281 1130 327 morteni
1151 265 1268 331 serentis
1289 270 1391 343 cessam
1413 276 1484 336 adeo
1505 288 1538 338 ut
1557 278 1699 358 qui-tunc
1718 295 1787 346 com
1860 246 1876 258 Ἢ

168 366 225 488 qna
250 340 431 403 Christianus
451 334 477 401 se
528 356 595 403 atiit
625 360 643 401 a
672 340 891 404 Communione
911 344 960 405 Fi·
1002 343 1171 422 traieceret,
1194 347 1302 409 nuliam
1324 356 1656 433 excommunicationem
1678 347 1786 425 ‘incur-

189 424 284 489 elium
304 418 452 495 absolute,
536 417 721 501 simpliciter,
753 421 810 485 five
830 423 975 504 privatur
1002 442 1096 488 reret:
1118 444 1148 490 at
1167 428 1218 506 qui
1239 447 1307 492 ante
1329 431 1406 495 iliius
1425 451 1549 498 mortem
1561 440 1785 506 contrafeciiset‘

172 503 314 571 omnibns
333 499 418 564 bonis
431 500 653 576 communibus,
676 500 783 564 scilicet
796 502 960 567 incitamen·
1006 505 1095 569 etiam
1117 507 1179 590 posi
1198 509 1330 586 censura,
1373 533 1438 573 uani
1468 514 1576 579 idcirco
1609 488 1786 586 incurrisser'

171 586 212 650 tis
245 582 395 654 Eccicfiae,
431 597 494 643 tam
526 579 622 662 quoad
652 581 960 659 administrationem,
1002 605 1132 651 maneret
1154 589 1328 665 innodatus,
1417 591 1594 661 absolutione
1624 568 1812 680 indigetes„

173 686 264 749 quarn
286 660 511 745 susceptionem,
532 660 656 746 publicis
675 660 831 746 suffragiis,
853 666 961 728 bicon·
1003 668 1117 740 Quarto
1138 668 1279 733 dividitur
1309 669 1338 731 in
1354 672 1714 743 'Excommunicationem
1746 687 1788 746 te'-

121 775 158 839 ¹3
181 745 281 819 visiun,
304 743 351 809 seii
372 740 508 808 societate
528 741 632 806 ciuili.
654 743 759 807 Minor
788 745 826 806 cll
846 745 963 809 censura
1005 745 1168 822 seruatam,
1191 750 1222 810 δι
1243 770 1300 812 ιιοιι
1325 749 1524 826 reservatam5
1552 756 1583 818 δι
1612 777 1644 820 ut
1675 760 1789 828 sacilius

177 825 390 898 Ecclessaiiice,
412 844 471 918 qua
501 821 680 886 Christianus
710 824 840 907 privatur
869 825 962 889 solum
1004 827 1042 890 ab
1062 830 1200 892 omnibus
1230 828 1427 910 secernamur,
1480 855 1588 896 uanam
1620 838 1672 900 fini
1703 842 1788 907 resera

175 905 286 995 passiva
305 920 489 990 perceptione
510 904 780 976 sacramentorum
800 904 831 964 δ’
850 925 910 1003 cap.
932 909 965 969 51'
1009 926 1106 985 tatae,
1133 910 1163 972 δι
1184 930 1242 971 non
1265 911 1412 975 reservata
1431 853 1559 977 diliinue
1580 917 1610 976 ‘rn
1643 917 1788 989 distinctor

117 1015 156 1074 i4
195 1014 258 1053 uem
272 1012 319 1066 5⁹·
331 986 365 1047 de
384 988 504 1065 sentent.
514 1007 679 1048 excommun.
688 986 965 1050 Eicommumcario
1006 989 1162 1065 articulos,
1184 992 1266 1063 juxta
1292 991 1438 1056 dillinflus
1467 993 1652 1077 personarum
1681 1003 1787 1079 ssatus,

129 1101 130 1104 ι
174 1018 347 1154 impliciter
369 1066 450 1142 lata,
470 1065 526 1131 live
546 1087 564 1127 a
583 1064 668 1139 Jure,
702 1065 759 1130 sive
788 1067 825 1129 ab
846 1068 966 1133 liomine
1005 1069 1224 1135 subncsiiintur.
1779 1114 1785 1126 .

177 1149 360 1233 intelligitur
381 1146 491 1227 semper
509 1146 543 1207 ile
564 1145 688 1220 majori,
711 1148 755 1210 uti
780 1151 904 1229 expresse
916 1150 980 1210 itan
1034 1165 1039 1178 ’

175 1235 264 1299 betur
284 1231 342 1313 cap·
352 1233 394 1291 'Si'
412 1252 430 1305 q
514 1245 562 1300 59·
584 1225 618 1288 dr
635 1229 754 1306 sentent.
776 1251 906 1289 excomm.
919 1228 964 1290 his
1163 1231 1384 1298 additionem
1403 1236 1496 1301 aliena
1515 1259 1618 1304 manu.

177 1310 294 1382 verbis:
316 1312 348 1376 si
366 1328 446 1385 quem
498 1303 578 1366 bhac
592 1307 857 1384 sormaverborum:
879 1308 962 1367 illurn

175 1386 418 1461 excommunico,
440 1386 490 1448 uel
492 1386 602 1462 fimili,
622 1389 851 1446 excommunicari
859 1390 961 1449 conrin-
1024 1391 1126 1451 Num
1147 1395 1413 1460 excommunicatio
1435 1398 1661 1464 Christianorum
1691 1423 1709 1464 a
1736 1404 1785 1475 Ju.
1808 1430 1844 1493 ²3

168 1496 246 1562 gar,
267 1463 411 1530 dicendum
433 1470 486 1546 esi,
515 1489 576 1527 eum
605 1467 707 1548 majori
738 1469 961 1531 Excommunica·
1001 1468 1082 1532 daica
1092 1476 1394 1540 excommunicatione
1409 1479 1550 1560 originem
1566 1483 1705 1557 traxerit,
1729 1506 1788 1549 non

169 1559 251 1619 tione
269 1551 389 1632 ligarum
408 1551 480 1627 esse.
1001 1549 1180 1615 conveniunt
1202 1551 1277 1615 inter
1298 1552 1324 1617 se
1344 1557 1477 1621 cruditi.
1510 1559 1649 1626 Affirmat
1677 1562 1789 1630 selden,

119 1657 154 1716 ις
219 1630 347 1696 Secundo
382 1629 523 1694 dividitur
553 1628 583 1688 in
617 1627 962 1690 Excommunicationem
1002 1629 1039 1690 eie
1058 1629 1172 1710 Synedr.
1194 1631 1246 1694 lib.
1264 1654 1290 1695 1.
1310 1651 1410 1717 cap.9.
1434 1641 1533 1720 Negat
1553 1661 1623 1707 vexo
1637 1643 1790 1709 Bohgmff,
1820 1689 1822 1694 .

120 1720 157 1779 16
173 1714 246 1776 lata
266 1711 430 1784 sententiat,
452 1710 484 1771 δι
505 1706 651 1769 sententia
670 1706 806 1770 serenda.
830 1710 958 1770 Excom·
998 1712 1030 1772 r‘n
1049 1712 1177 1771 decretal.
1199 1711 1251 1773 lib.
1268 1735 1294 1790 5.
1315 1718 1362 1776 tir.
1379 1737 1428 1794 ³9·
1451 1720 1481 1794 §.
1495 1741 1525 1813 7.

175 1792 340 1859 municario
361 1790 426 1852 lanc
447 1786 592 1852 sententia
613 1787 650 1849 eil
676 1808 733 1863 ea,
754 1809 815 1864 quae
838 1786 899 1866 ipso
920 1786 959 1852 sa·
1040 1787 1085 1853 De
1106 1788 1194 1853 variis
1214 1796 1701 1882 excommunicationisspeciebuc,
1745 1827 1787 1870 uae
1809 1830 1849 1887 ²4

88 1897 93 1928 i
174 1875 226 1939 ao
248 1872 419 1944 incurritur,
444 1871 501 1933 siue
530 1866 662 1929 criminis
680 1868 910 1964 perpetratione,
933 1869 965 1931 fi·
1006 1886 1077 1934 tum
1091 1868 1253 1949 antiquitus
1272 1871 1488 1952 obtinuerunt,
1522 1897 1586 1944 tum
1616 1904 1692 1946 nunc
1711 1826 1787 1949 obri.

178 1976 216 2020 νο
237 1952 378 2019 sententia
398 1948 523 2020 ludicist
553 1966 586 2010 ut
617 1947 636 2007 si
665 1949 803 2012 dicatur:
835 1948 964 2038 pracipl·
1005 1967 1098 2026 nent,
1120 1949 1178 2013 late
1197 1952 1258 2032 agit
1280 1951 1443 2037 Vanespen.
1459 1958 1518 2035 jur.
1539 1964 1642 2042 Eccles.
1663 1967 1789 2048 univers}
1846 2019 1850 2022 ,

71 2094 79 2107 ,
181 2053 249 2099 inus
269 2033 318 2096 sub
338 2039 425 2115 puina
445 2029 770 2104 excommunicationis,
793 2049 885 2106 mox,
903 2029 965 2112 ipso
1000 2048 1078 2114 part.
1096 2052 1123 2112 3.
1143 2034 1190 2091 tir.
1205 2051 1250 2093 ιι.
1271 2049 1330 2114 cap.
1347 2054 1375 2114 ς.
1391 2051 1442 2116 per
1461 2053 1511 2098 cor.

177 2113 273 2191 sasiri,
296 2136 330 2178 ex
352 2129 442 2189 tunc,
473 2109 568 2171 siatim
602 2107 772 2173 incutienda
785 2108 888 2184 acrei,
916 2131 964 2174 ex·
1045 2111 1090 2173 De
1105 2110 1253 2192 natalibus
1273 2115 1583 2181 excommunicationis
1611 2123 1669 2202 ipso
1694 2126 1758 2207 jure
1777 2133 1787 2202 ,“
1809 2150 1845 2210 25

179 2195 432 2267 cummunicatur,
454 2188 660 2255 communione
688 2188 819 2273 privatur
840 2188 902 2273 ipso
921 2192 964 2263 ju·
1005 2189 1120 2255 consule
1154 2191 1305 2256 Boliemer.
1327 2197 1356 2257 in
1389 2195 1519 2258 decretal.
1550 2199 1603 2262 lib.
1620 2226 1647 2279 5.
1676 2208 1723 2266 tir.
1741 2229 1790 2283 ³9·

117 2296 160 2357 17
183 2298 231 2353 re,
254 2275 316 2373 ipso
339 2272 430 2342 facio,
453 2272 483 2334 δι
503 2270 568 2352 aliis
595 2269 750 2335 similibus.
785 2271 963 2335 Ercoinmn-
1004 2274 1035 2351 §.
1057 2294 1104 2351 57.
1127 2271 1166 2333 Et
1187 2271 1222 2337 de
1241 2273 1385 2338 natalibus
1405 2280 1714 2346 excommunicationis
1735 2279 1789 2347 rni-

179 2358 292 2421 nicatio
314 2352 459 2419 sententia
479 2349 603 2416 serenda
622 2374 656 2417 ea
684 2352 740 2426 eii,
761 2369 824 2432 qua
843 2352 963 2433 quidem
1003 2357 1079 2417 noris
1107 2350 1204 2417 conset
1232 2354 1347 2418 Morin.
1368 2356 1404 2417 de
1437 2357 1598 2440 Adminijlr.
1620 2366 1789 2433 Sacramenr.

178 2438 211 2500 in
231 2440 293 2513 jure
314 2437 373 2509 iarn
394 2434 501 2496 ilatuta
530 2433 668 2507 liabetur,
698 2451 796 2496 tamen
826 2454 846 2495 a
874 2433 963 2497 deliri·
1005 2437 1155 2499 Panium.
1177 2433 1229 2497 lib.
1245 2438 1273 2498 ό.
1296 2453 1354 2519 cap.
1370 2458 1417 2519 ις.
1664 2463 1669 2476 ·
1784 2459 1789 2474 ι

200 2535 285 2583 uente
305 2537 363 2579 non
382 2512 500 2589 slatlm,
522 2514 554 2577 δι
575 2513 584 2576 i
607 2511 636 2577 so
657 2512 732 2576 iasio
752 2527 786 2577 ac
806 2513 968 2596 delinquit,
1018 2553 1023 2564 ι

174 2538 227 2664 'seu
248 2596 367 2663 mandat
388 2609 417 2658 tn
449 2594 559 2738 transpr
595 2595 680 2671 itur,
713 2593 871 2661 incurritur
898 2612 967 2661 ante
1167 2597 1200 2662 A
1220 2617 1242 2661 ii
1264 2616 1287 2661 τ
1309 2616 1321 2661 ι
1342 2615 1362 2662 c
1383 2618 1405 2662 u
1429 2617 1447 2662 a
1470 2620 1525 2664 iis
1575 2604 1628 2667 ΙΙ.

176 2679 354 2746 seutentiam
368 2619 499 2752 ludici„
531 2676 564 2740 cd
585 2674 714 2762 primum
735 2676 819 2740 debet
850 2676 966 2749 aJudi·
1659 2712 1661 2717 -

178 2782 213 2826 ce
234 2760 347 2842 infligi,
369 2762 402 2825 ul
423 2760 442 2821 fi
464 2758 594 2833 dicatur,
616 2755 803 2851 prohibemus
833 2756 884 2821 sub
903 2778 965 2842 poe·
1005 2744 1302 2825 &communicationes
1321 2763 1432 2820 Summo
1449 2760 1583 2833 Pontifici
1601 2766 1743 2844 reservate
1762 2770 1816 2833 nr
1892 2828 1907 2849 N

77 2896 82 2917 ,
180 2864 221 2906 na
241 2838 572 2912 excommunicaiionis3
594 2857 645 2919 qui
666 2837 722 2900 lioc
742 2837 965 2903 seceriteircom·
1288 2839 1374 2901 Bulla
1393 2843 1506 2903 Coerae.

173 2923 363 2998 municatur,
394 2918 728 2986 excommunicationem
760 2920 911 2995 incurret,
934 2919 974 2989 δι
1550 2960 1552 2965 ·

180 3003 248 3066 aliis
266 3003 406 3066 similibus
425 3002 539 3077 verbis,
562 2999 607 3063 uti
627 2997 736 3065 habent
764 3000 963 3071 communiter
1057 2997 1364 3064 Xconimnnicationes
1384 2999 1529 3067 reservata
1559 3005 1588 3066 in
1612 3004 1702 3070 ‘Bulla
1721 3012 1790 3075 (ζα.

180 3085 359 3160 Canonislae,
382 3086 413 3146 ἃ
432 3082 581 3148 Murtias.
1077 3098 1139 3152 na,
1161 3080 1470 3154 idcotaiesdicuntur,
1491 3084 1559 3163 quia
1578 3085 1790 3156 FeriaV.Gon-

115 3157 158 3223 18
218 3164 324 3227 Tertio
354 3152 496 3228 dividitur
524 3164 554 3224 in
593 3156 959 3232 Excommunicntioneni,
1001 3179 1044 3220 na:
1067 3159 1187 3220 Domini
1210 3160 1265 3241 legi
1287 3161 1318 3221 ἀ
1339 3160 1479 3245 publicari
1495 3165 1704 3231 consueverunt
1724 3182 1793 3232 ont«

178 3264 240 3326 qua
261 3241 351 3308 settin
370 3266 389 3305 a
408 3244 503 3316 Jure,
535 3244 565 3304 ar
595 3239 960 3313 Excominunicationem,
1002 3240 1033 3300 ni
1054 3256 1131 3302 anno
1153 3239 1182 3300 in
1204 3239 1325 3323 Capella
1351 3241 1469 3324 Papali,
1492 3246 1521 3309 a
1544 3246 1600 3309 islae
1620 3245 1788 3315 scurnum.

94 3324 348 3402 .19quaesertur
367 3324 404 3387 ab
424 3320 563 3385 homine.
584 3322 656 3396 Quae
677 3318 767 3384 sertur
786 3321 884 3390 asuri
902 3319 961 3394 esi,
1004 3319 1132 3401 viginti,
1153 3341 1216 3401 quai
1238 3340 1270 3385 ut
1291 3321 1425 3397 sacilius,
1462 3327 1493 3387 ἃ
1512 3319 1672 3391 ciariis‘xb
1689 3330 1789 3393 ouini-

177 3424 245 3464 cum
267 3423 318 3485 per
338 3405 466 3484 Legem,
489 3403 660 3474 Canonem,
696 3399 961 3474 Conslitutionem,
1004 3399 1057 3463 bus
1077 3402 1289 3494 percipiantur,
1312 3403 1484 3466 exhibentur
1505 3405 1580 3480 hic,
1614 3424 1650 3481 ut
1677 3406 1790 3473 suerunt

177 3481 227 3546 seu
246 3483 393 3546 decretum
415 3479 525 3560 aliquid
547 3478 733 3563 prohibetur,
764 3481 811 3546 vel
833 3481 962 3565 praecipi·
1007 3478 1158 3565 publicata
1181 3482 1210 3541 in
1226 3481 1308 3543 Bulla
1328 3503 1346 3543 a
1364 3482 1516 3549 Clemente
1534 3486 1590 3548 xi.
1612 3485 1791 3571 edita'ienoi

179 3577 228 3626 tur
249 3559 301 3625 sub
323 3583 410 3647 poena
438 3558 778 3637 Excommunicationis,
810 3561 856 3627 seu
886 3562 967 3626 Ana·
1009 3562 1048 3625 ris
1069 3559 1227 3643 sequentis.
1616 3635 1620 3644 .
1697 3577 1712 3605 ³
1728 3601 1749 3631 ,Γ
1781 3602 1788 3615 .

121 3660 160 3701 20
180 3641 338 3707 thematis.
360 3645 432 3718 Quae
453 3639 738 3706 seiturabhemiiie
758 3644 795 3705 eil
810 3644 878 3716 illa,
900 3662 965 3725 qua
1423 3712 1427 3718 ,
1490 3664 1494 3673 ’
1530 3662 1534 3671 ·
1655 3680 1660 3691 ,
1693 3658 1736 3693 22·
1774 3640 1786 3653 '¹

121 3820 157 3862 at
171 3723 456 3870 Δξῐῐιειρικάῐείἰίιιξίᾳιιυεῗιῗί
474 3722 623 3869 iriliiRillir
641 3723 838 3868 pilichudictiit
855 3722 963 3864 sppten·
1047 3742 1050 3751 ¹
1144 3722 1172 3786 c
1193 3723 1218 3786 L
1238 3723 1266 3785 E
1287 3723 1328 3786 M
1347 3722 1375 3787 E
1396 3725 1427 3786 N
1448 3726 1467 3788 s
1508 3725 1564 3788 PR
1594 3727 1651 3789 XL

178 3886 231 3962 ni,
252 3826 398 3951 censuraim
421 3885 449 3947 in
471 3824 573 3967 geneie
594 3881 684 3947 aliam
713 3823 803 3949 ellepis
830 3823 964 3963 jureepg
1006 3884 1198 4028 PAlloraiis
1218 3885 1345 3948 Romani
1367 3884 1518 3949 Pontifici&
1533 3885 1726 3968 uigilantia,
1759 3891 1791 3956 δι
1865 3906 1871 3921 ’

178 3966 267 4031 aliam
297 3968 335 4033 ab
365 3966 502 4032 homine.
533 3965 632 4027 Prima
660 3963 792 4042 dicitur,
821 3984 885 4045 qua
914 3985 965 4049 per
1080 3962 1260 4037 sollicitudo,
1282 3966 1393 4028 cumin
1413 3964 1672 4035 omniCliriliianae
1683 3970 1789 4053 iscipu-¹

177 4047 297 4144 aliquod
317 4052 362 4124 jus
382 4049 442 4110 iata
461 4048 519 4121 eil,
550 4045 692 4126 habetque
722 4046 864 4113 rationem
884 4046 965 4125 quast
1005 4044 1086 4109 biicae
1106 4066 1175 4129 pace
1193 4090 1202 4120 ,
1217 4048 1264 4108 «δι
1293 4048 1503 4125 tranquillitate
1538 4052 1714 4130 procuranda
1735 4070 1790 4132 pro

176 4128 250 4211 legis
272 4147 411 4213 perpetuo
430 4126 603 4208 obligantis,
626 4126 719 4190 donec
737 4140 788 4209 per
801 4126 964 4209 legitimam
1004 4124 1047 4188 sui
1071 4128 1196 4190 muneris
1216 4124 1324 4190 Otiicio
1345 4126 1450 4193 affidue
1470 4127 1597 4192 versatur
1619 4140 1789 4213 ,rumpo-

179 4210 380 4275 ausioritatem
402 4229 461 4273 non
484 4224 654 4272 revocatur:
677 4207 712 4270 iic
733 4204 882 4271 censentur
901 4228 964 4282 qua
1003 4205 1144 4269 tissimum
1167 4207 1196 4268 in
1219 4208 1378 4271 Catholica
1399 4209 1480 4272 Fidei
1500 4254 1509 4284 ‚
1527 4211 1583 4271 sine
1603 4230 1662 4289 qua
1683 4208 1791 4293 impos-

180 4286 247 4353 latae
268 4289 332 4355 sunt
352 4313 370 4355 a
389 4292 451 4354 Sat.
473 4288 658 4361 Canonibns,
681 4304 714 4351 ut
735 4287 764 4349 in
795 4288 879 4350 Bulla
899 4291 961 4355 cv
1001 4288 1082 4351 sibile
1102 4290 1140 4353 eli
1161 4287 1271 4369 placere
1294 4290 1374 4363 Deo,
1418 4291 1532 4366 nitate,
1562 4307 1648 4372 atque
1670 4293 1789 4373 integri-

126 4388 162 4429 22
182 4392 244 4447 nae,
266 4372 486 4436 Conciliisbm.
508 4368 635 4434 Secunda
655 4370 712 4444 eil,
733 4387 797 4450 quae
815 4367 907 4431 sertui
926 4369 963 4432 ab
1004 4386 1065 4433 tate
1089 4369 1267 4441 retinenda,
1299 4370 1329 4432 δι
1360 4391 1382 4451 c
1396 4370 1550 4434 nseruanda
1582 4372 1708 4437 inarime
1730 4375 1788 4435 ein·

182 4451 286 4515 asinali
300 4452 400 4533 aliquo
420 4451 555 4536 legitimo
576 4448 718 4534 superiore
735 4449 815 4530 quasi
870 4470 963 4512 tmo-
1004 4466 1078 4513 crt.
1109 4449 1497 4523 Nimirumssffr‘fideies
1517 4452 1625 4514 Cliriili
1657 4452 1715 4517 nun
1737 4453 1791 4514 sint

160 4532 252 4593 v‹lunr
273 4535 406 4618 pracepti
428 4532 607 4598 transeunter
627 4527 785 4613 obligantis
854 4529 966 4613 aliquid
1006 4530 1121 4616 parvuli
1143 4528 1326 4608 flucluantes,
1348 4553 1440 4614 neque
1461 4530 1697 4599 circumferantur
1725 4553 1789 4595 om«

186 4607 362 4696 iaciendum,
393 4615 441 4683 vel
470 4613 667 4681 omittendum
689 4633 697 4678 :
728 4608 802 4677 unde
830 4610 891 4681 hec
919 4631 969 4698 pet
1009 4612 1042 4677 ni
1061 4630 1151 4680 rento
1173 4611 1306 4679 doiirina
1326 4611 1355 4676 in
1376 4614 1507 4757 nqupitia
1520 4613 1675 4681 hominurn
1689 4613 1791 4676 ‘idcir-

950 4708 956 4720 '
1493 4717 1514 4774 4
1642 4769 1644 4775 Ι
1675 4714 1753 4758 cuni·
